2752 4718
59 487 135 551 Iove
155 485 346 564 edtrssnntum
362 499 427 552 est.
471 490 569 572 Ergo
585 510 643 552 nec
663 489 756 554 etimis
778 489 835 554 tibi

58 592 124 653 Nee
144 590 198 652 uili
220 593 319 654 dones
340 591 528 676 quicquam?
550 592 603 655 stc
623 591 695 656 setis
716 594 832 676 placet.

57 693 140 756 Nolo
161 693 328 770 irasceris,
352 695 450 758 libere
472 695 500 758 si
522 695 652 758 dixero:
730 699 735 708 '

56 793 108 856 Dis
130 807 178 858 est
198 795 286 860 iratis
309 807 416 872 natus,
441 797 497 881 qui
519 809 565 860 est
588 797 694 859 similis
717 797 786 860 tibi.
1002 799 1040 862 15

91 899 246 961 Abiturus
267 899 363 974 ilinc,
389 920 453 983 quo
475 902 601 982 priores
625 901 787 975 abierunt,

57 999 133 1080 Quid
155 1013 256 1063 mente
278 1023 370 1064 caeca
392 1001 538 1066 miserum
560 1014 693 1086 torques
715 1000 882 1084 spiritum?

59 1103 127 1164 Tibi
148 1103 241 1179 dicos
263 1125 376 1180 avare,
401 1106 546 1189 gaudium
570 1105 695 1168 heredis
717 1103 781 1180 tui,

60 1205 115 1282 Qui
136 1217 206 1267 ture
228 1227 382 1287 superos,
405 1206 505 1288 ipsum
528 1215 560 1268 te
580 1207 707 1268 fruendas
730 1207 819 1282 eibo;

60 1308 115 1387 Qui
135 1308 232 1370 tristis
254 1309 341 1372 endis
362 1309 513 1372 musicum
535 1308 672 1370 citharae
693 1329 821 1386 sonum3
999 1312 1039 1374 20

59 1411 150 1490 Quem
172 1409 318 1473 tibiarum
341 1421 477 1477 macerat
502 1410 695 1488 iucunditau
752 1474 754 1484 ,

60 1513 268 1594 Opsoniorum
289 1513 390 1596 pretia
412 1513 464 1577 cni
485 1513 632 1597 gemitum
654 1515 857 1596 exprimunt;

59 1615 206 1694 Quidum
230 1619 416 1698 quadrantes
438 1637 575 1700 aggeras
596 1617 805 1697 patrimonio,

60 1715 178 1780 Caelum
200 1713 315 1801 fatiges
337 1719 466 1787 sordeo
488 1717 629 1801 periurio
640 1714 652 1794 ς’

60 1818 117 1897 Qui
135 1819 331 1884 circumcidis
353 1827 477 1884 omnent
498 1820 668 1904 impensem
689 1820 813 1897 funeri,
997 1823 1038 1882 25

59 1919 184 1985 Libitina
207 1943 246 1986 ne
268 1922 343 2006 quid
364 1924 402 1986 de
422 1934 478 1988 tuo
500 1923 597 1988 saciet
617 1923 709 1988 lucri.

488 2143 593 2206 [uni

411 2293 673 2361 PHAEDRUS.

94 2435 172 2514 Quid
193 2435 330 2500 iudicare
352 2436 472 2522 cogitet
493 2424 579 2500 livor
601 2439 715 2509 modo,

57 2536 140 2600 Licet
161 2538 350 2614 dissimulet,
373 2539 505 2620 pulchre
526 2549 629 2602 temen
650 2537 814 2621 intellego.

58 2638 204 2724 Quicquid
224 2641 349 2722 putabit
368 2661 438 2706 esse
460 2641 589 2724 dignum
611 2642 779 2716 memoria,

56 2742 167 2825 Aesopi
188 2744 286 2816 dicet3
309 2743 336 2806 si
357 2743 431 2827 quid
452 2743 551 2806 minus
573 2742 739 2818 ademerit,

56 2844 82 2904 A
102 2867 148 2907 me
169 2847 336 2909 contendet
356 2846 463 2908 fictum
485 2845 598 2930 quovis
620 2845 768 2932 pignore.

57 2945 149 3026 Quem
170 2949 247 3012 volo
269 2947 371 3012 refelli
391 2951 452 3012 iam
475 2970 556 3012 nune
578 2969 734 3030 responso
756 2969 847 3012 meo:
947 2985 949 2993 ·

57 3161 82 3210 N.
99 3171 156 3214 teste
173 3163 240 3216 Ienn.
259 3169 303 3225 (=
323 3169 354 3214 nb
374 3184 397 3214 e.
425 3169 456 3216 N.
486 3175 545 3216 teste
569 3169 707 3224 Dorviliio.)
725 3183 749 3225 p.
775 3167 801 3213 S.
821 3188 855 3202 ·-
872 3165 917 3212 iioc
942 3180 1037 3224 commo

58 3249 98 3281 tm.
115 3253 139 3283 n.
163 3238 192 3284 P.
234 3239 280 3296 (De
301 3240 331 3285 R.
353 3254 400 3284 non
423 3239 537 3294 constat.)
582 3236 639 3297 (15)
656 3237 717 3297 Dis]
738 3239 766 3282 P.
786 3239 815 3281 R.
839 3236 868 3282 N.
889 3258 921 3270 -
939 3235 989 3282 dito
1010 3252 1033 3292 p.

58 3305 80 3352 S·
112 3305 166 3365 (16)
184 3311 273 3354 Vernus
294 3307 403 3354 16-26,
423 3311 548 3366 praeponit
565 3310 673 3352 versibus
694 3305 785 3353 1—15.
806 3307 836 3351 Ν.
873 3304 928 3363 (tt)
949 3317 980 3350 ε
1000 3307 1036 3350 io·

57 3376 344 3435 cerritanensium
381 3377 434 3435 (22,
454 3378 629 3438 opsoniorum]
648 3379 678 3424 N.
701 3381 726 3422 S.
746 3402 778 3416 ι-
796 3377 953 3420 obeooiorum
965 3377 995 3419 Ρ.
1010 3389 1034 3432 p.
1120 3410 1124 3415 .

57 3440 94 3499 i·—
108 3448 215 3506 gemitur
237 3448 280 3503 N.)
309 3445 366 3503 (23)
384 3471 416 3482 ·—
435 3449 571 3508 quadrante
587 3461 682 3507 augens
698 3448 852 3504 patrimonio
871 3446 903 3492 Ν.
927 3442 979 3501 (25)
989 3443 1036 3503 su·
1110 3484 1114 3496 ,

55 3513 110 3574 ucri]
128 3515 158 3562 Ν.
190 3519 215 3562 S.
245 3537 278 3552 ··-
298 3515 406 3576 sumeris
423 3519 453 3564 P.
476 3519 506 3561 R.
527 3531 549 3574 p.
599 3515 653 3572 ‹26›
672 3517 781 3560 Libitina
802 3513 845 3574 ne]
862 3515 892 3560 N.
912 3529 936 3570 p.
956 3517 983 3558 S.
1004 3533 1033 3548 -

54 3579 113 3629 Libet
132 3587 206 3630 irone
224 3587 253 3630 P.
277 3593 300 3631 et
313 3589 344 3642 it.
373 3587 442 3642 (teste
469 3586 568 3638 Gudio.)
588 3607 620 3618 ···
637 3586 752 3631 Lidetmn
774 3599 804 3630 ne
826 3585 856 3630 R.
881 3590 940 3630 teste
963 3584 1032 3628 Vinc.

54 3651 225 3716 (thid.)1oert]
245 3656 275 3701 N.
294 3656 392 3710 firmans
413 3657 499 3710 Guyeti
518 3657 581 3702 coni.
601 3658 626 3700 S.
656 3681 688 3690 -
711 3658 808 3700 lucrum
826 3655 855 3698 P.
880 3653 910 3698 N.
934 3668 958 3709 p.
976 3655 1036 3697 Post

54 3721 105 3768 hune
123 3738 145 3768 v.
165 3725 194 3770 N.
215 3727 293 3780 addit:
312 3725 427 3770 Petelino
444 3733 545 3772 noemae
560 3740 653 3784 porum
671 3727 698 3783 [i.
719 3741 741 3770 e.
759 3723 884 3783 paullum)
900 3736 975 3768 curu
991 3737 1033 3764 oc-

53 3793 181 3840 eommodn.
511 3795 514 3804 '

97 3863 153 3908 r...
175 3847 247 3920 uiui.
283 3846 324 3920 (ω’
336 3874 374 3912 se
391 3864 443 3926 Quo
460 3865 512 3910 inu.
528 3865 614 3912 nois..
632 3867 701 3920 pros.
719 3863 853 3909 seimus.
891 3859 975 3913 (rute.)
993 3871 1033 3902 00-

53 3930 116 3992 gitet]
140 3947 163 3989 p.
187 3936 212 3979 S.
226 3959 258 3970 ·-
272 3935 370 3995 cogitur
388 3936 417 3980 P.
437 3949 461 3995 g.
481 3937 524 3992 (·-
540 3935 604 3993 iiior
622 3936 651 3980 P.
674 3932 709 3994 g.)
744 3930 787 3992 (2)
804 3930 985 3975 -diesimttet
1002 3929 1032 3973 P.

53 3995 86 4056 (3)
103 4002 230 4062 memorio]
259 4003 289 4048 N.
316 4005 433 4064 Bongm.
454 4029 485 4040 -
503 4007 636 4050 memoriae
654 4003 780 4060 (memorie
807 4001 894 4056 P.)1’.
913 3999 943 4043 ii.
961 4013 987 4054 p.
1006 3995 1033 4044 S.
