2776 4718
320 345 382 407 294

318 483 448 548 Iussit
470 483 606 563 hybiei
628 475 926 550 tribrtdntssstdre'
943 481 1016 544 dive
1037 481 1171 546 floribus

318 588 475 650 Praesens
497 583 564 666 ipse
588 585 656 650 iura
680 585 754 648 dicit
776 588 963 650 adsederant
986 583 1108 668 gratiae
1133 595 1146 624 ·

245 686 248 699 ’
319 691 417 753 Hibis
440 699 547 750 totus
570 686 711 750 fundet
733 687 927 771 quidquid
949 703 1073 749 annos
1096 687 1268 750 adtuttit

319 793 414 856 Hihla
443 781 558 854 florum
586 801 834 873 superestem
858 801 1035 872 'quartus
1064 801 1102 852 et
1133 811 1207 854 nec
1232 813 1320 852 cam-

944 915 1004 975 pus
1026 905 1073 955 est
1161 923 1163 928 ·

318 997 416 1062 Ruris
438 996 489 1062 hic
511 1008 603 1060 erunt
623 997 748 1079 puellae
770 997 821 1058 vel
844 997 967 1078 pinellae
990 995 1141 1060 montium

319 1103 472 1185 Quaeque
493 1099 615 1162 silvas
636 1119 737 1182 quse
758 1100 873 1162 locus
894 1121 1019 1183 queque
1035 1111 1159 1162 montes
1173 1097 1320 1162 incolunt

317 1202 416 1267 Iussit
438 1223 567 1266 omnes
588 1202 732 1266 adsidere
754 1202 845 1283 pueri
866 1214 965 1264 mater
986 1203 1104 1266 alitis

248 1387 251 1393 Ι
317 1306 415 1398 Iussit
437 1317 469 1368 et
490 1277 591 1369 nudo
612 1305 734 1388 puellos
756 1304 798 1368 nil
812 1299 944 1368 emori
964 1305 1095 1369 eredere

318 1407 401 1473 Cras
416 1419 497 1471 amet
512 1408 565 1492 qui
580 1427 737 1490 nunquam
754 1405 870 1470 amavit
885 1408 1001 1494 quique
1017 1407 1131 1471 amavit
1146 1416 1318 1470 cessaret

319 1507 363 1574 Et
378 1511 562 1596 'rigentibus
582 1509 758 1573 virentes
781 1512 855 1574 duo
878 1512 1059 1574 adumbra
1079 1509 1216 1574 floribus

318 1613 400 1678 Cras
422 1615 482 1680 erit
504 1633 580 1697 quo
603 1613 722 1694 primus
745 1613 1077 1694 ethereopoiavit
1098 1611 1223 1694 nuptias

317 1717 362 1782 Ut
383 1721 473 1798 pater
495 1715 571 1780 totis
594 1715 751 1804 creauit
773 1716 879 1779 vernis
901 1737 1015 1778 annum
1036 1716 1172 1778 nubibus

284 1903 286 1908 Ι
316 1819 355 1883 Ιιι
377 1821 477 1882 sinum
502 1819 631 1882 maritus
654 1817 755 1882 imber
776 1818 901 1890 fluxit
919 1820 1017 1881 aime
1042 1818 1187 1902 coniugis

316 1923 428 1988 Unde
443 1923 590 1985 fluetus
607 1921 752 1983 mixtus
768 1921 869 1986 omnis
885 1922 1159 2006 alteretmegno
1172 1943 1316 2005 corpore

316 2025 393 2106 Ipsa
416 2045 536 2100 venus
559 2027 684 2107 adque
707 2037 839 2088 mentem
862 2019 1086 2106 permeenti
1108 2024 1223 2106 spiritu

315 2122 413 2188 intus
428 2125 543 2190 ocultis
564 2129 759 2208 goberuet
780 2127 1013 2207 procreetis
1036 2127 1156 2192 viribus
1206 2177 1208 2184 ,

315 2230 391 2293 Per
419 2249 528 2311 quem
562 2227 683 2290 eaelum
710 2247 783 2310 per
812 2251 919 2312 quem
936 2243 1043 2294 terres
1060 2252 1124 2312 per
1146 2252 1316 2314 quepon-

535 2412 539 2421 Ι
940 2345 1007 2394 ῐιιιιι
1028 2333 1185 2396 subditum

315 2434 468 2508 Pervinm
489 2433 539 2498 sui
560 2437 763 2498 tenderem
784 2435 937 2498 semina
959 2435 1153 2500 litramite

314 2537 425 2600 lubuit
445 2537 595 2622 iussitque
610 2541 762 2600 'mundum
785 2559 903 2605 nosse
925 2538 1118 2602 nascendi
1136 2541 1206 2602 „vias

314 2625 396 2704 Cras
412 2652 493 2703 amet
508 2640 562 2725 qui
576 2661 732 2724 nunquam
746 2641 862 2704 amavit
876 2641 993 2725 quique
1010 2641 1125 2704 amavit
1138 2641 1211 2706 cres
1226 2656 1313 2707 emet

313 2745 387 2825 lpse
408 2735 556 2808 troianos
575 2755 747 2825 nepotes
765 2743 800 2805 in
823 2745 923 2806 latin
937 2765 978 2807 os
1001 2745 1161 2811 transtulit

312 2845 382 2928 Ipe
404 2847 574 2910 laurentem
597 2847 729 2926 puellum
752 2845 918 2931 coniugem
940 2859 1015 2910 nuto
1038 2847 1129 2912 dedit·

311 2951 461 3032 Moxque
483 2949 574 3010 murti
596 2951 634 3010 de
657 2949 847 3012 saoeilovdnt
868 2951 1012 3032 pudieam
1036 2951 1189 3036 virginem

286 3104 290 3110 ,
312 3049 561 3114 Romuleas
550 3071 659 3131 ipsas
681 3051 757 3114 feeit
779 3071 846 3112 oum
869 3051 1019 3114 sabinis
1043 3055 1166 3136 nuptias

312 3153 403 3220 Unde
424 3174 578 3216 samnes
601 3164 632 3214 et
652 3152 781 3236 quirites
804 3173 929 3238 proque
951 3156 1044 3254 prode
1066 3169 1228 3238 posterum

278 3263 280 3274 ’
311 3253 441 3318 Romoli
463 3267 592 3318 matrem
613 3267 737 3318 crearet
759 3267 790 3318 et
812 3269 958 3338 nepotem
981 3279 1138 3328 caesarem

311 3356 394 3422 Cras
426 3369 505 3420 amet
531 3357 586 3441 qui
613 3379 771 3442 nunquam
799 3359 917 3422 amavit
945 3361 1061 3446 quique
1089 3363 1205 3428 amavit
1232 3387 1311 3431 eras

934 3476 1016 3526 amet

309 3564 399 3628 Rura
421 3562 615 3626 fecundat
638 3565 784 3646 voluptas
806 3585 881 3628 rure
904 3584 1051 3632 venerem
1075 3569 1210 3634 sentiunt

242 3721 244 3726 ,
312 3669 395 3750 lpse
398 3653 497 3728 emor
518 3687 597 3747 puer
618 3665 711 3732 dione
735 3689 808 3732 rure
831 3679 924 3732 natu
946 3669 1061 3736 dieitur

680 3804 696 3829 0

361 3865 447 3916 49.ν
424 3865 544 3937 tertuum]
568 3867 607 3910 Sic
632 3867 717 3911 itheth
755 3867 806 3913 Non
831 3874 920 3917 notavit
943 3875 997 3918 Sin.
1040 3873 1082 3921 ⁵1.
1107 3875 1201 3921 omittit
1219 3877 1277 3938 fler
1277 3893 1306 3924 ee

309 3936 381 3984 Saltu.
420 3935 461 3984 52.
480 3924 504 3982 'et
525 3935 579 3992 nec]
598 3937 637 3999 Sic
656 3937 742 3982 Heuth.
762 3945 786 3983 et
802 3953 833 3984 no
851 3943 903 3988 ein
937 3941 1022 3990 tte
994 3946 1265 4004 ocutrteererqnecor.
