2816 4716
416 874 710 952 aarum
747 872 965 950 Nom
1011 871 1220 948 xxxll.

509 1031 609 1095 sno
630 1030 889 1096 rnannnr
909 1029 1127 1094 nonnae

326 1189 467 1238 MAPOU
490 1189 576 1235 All't'ss
601 1187 662 1234 1108
683 1187 791 1232 Annos
813 1186 862 1232 H
885 1186 1030 1232 nermo
1048 1187 1168 1233 comen
1187 1187 1319 1233 {ULTIS

227 1313 236 1328 .
327 1279 397 1325 cun
414 1277 552 1324 Lacunis
569 1275 786 1333 rucmlsonn
797 1275 1014 1320 mentesanus
1029 1275 1204 1321 meam
1221 1277 1318 1323 NUNC

412 1366 529 1413 ΑΠἸἛΙ
546 1359 619 1410 SINE
638 1364 724 1410 ULLO
739 1363 891 1408 DEFECTU
913 1363 980 1408 aur
995 1363 1222 1410 mmmm!

799 1483 831 1514 ιι

476 1569 760 1632 mnnonnnmo
782 1569 929 1628 comer:
951 1569 1160 1630 vincano

735 1701 828 1736 nm!
845 1703 899 1736 ΩΙΙ

402 1789 642 1860 ruconAl
672 1791 924 1858 PEROTTI
952 1791 1231 1857 Pnonools

453 1935 586 1990 onoannr
601 1933 688 1978 rnen
703 1933 856 1977 naman
871 1933 955 1975 anae
973 1935 1182 1978 uxruunrnn.

388 2345 539 2410 Nicrum
560 2341 733 2419 Parem,
760 2339 927 2426 pontificis
948 2341 1129 2427 sipontini,
1159 2346 1311 2430 perdocti

326 2446 469 2536 clarique
491 2444 649 2524 hominis,
681 2443 800 2510 iamdiu
826 2447 933 2510 codex
954 2445 1156 2525 innotuerat,
1187 2447 1222 2512 in
1242 2473 1311 2536 qno

324 2548 621 2627 ineditas‘l'abulas,
659 2571 731 2616 cum
759 2547 901 2614 Phaedri
920 2549 1102 2637 Aviauique
1129 2551 1241 2629 editis,
1280 2564 1313 2616 et

249 2721 252 2734 ,
325 2672 397 2718 cum
431 2651 533 2736 ipsius
565 2651 696 2724 Perotti
730 2651 923 2716 carminibus
956 2651 1093 2730 mixtas,
1127 2654 1311 2720 Dorvillius

315 2746 486 2842 'quondam
504 2755 641 2833 detexit,
663 2756 864 2820 Burmannus
882 2753 1102 2840 famigeravit,
1124 2756 1179 2822 alii
1198 2757 1310 2822 deinde

324 2856 441 2924 eruditi
454 2857 600 2931 homiues
613 2857 730 2942 passim
746 2869 1047 2922 commemorarunt.
1070 2859 1189 2924 Eratis
1204 2865 1310 2927 codex

324 2959 461 3026 Parmae
487 2960 620 3029 olimin
648 2959 784 3026 librario
806 2959 1034 3026 Farnesiorum
1060 2964 1232 3040 thesaur03
1269 2987 1310 3029 ex

325 3080 389 3150 qua
415 3065 496 3127 urbe
522 3061 696 3147 Neapolim
724 3063 919 3127 hereditario
949 3061 1019 3127 iure
1054 3065 1241 3142 translatus,
1274 3065 1308 3130 in

323 3161 415 3250 regia
445 3151 644 3231 bibliotheca
670 3163 810 3241 delituit,
848 3167 950 3230 donec
977 3187 1047 3230 eum
1071 3167 1126 3234 cl.
1146 3171 1308 3237 Iohannes

323 3265 501 3332 Andronius
528 3268 593 3333 loci
618 3285 747 3352 praeses
774 3267 889 3332 iterum
918 3269 1125 3348 observarit,
1158 3283 1252 3360 atque
1273 3286 1309 3338 ut

287 3389 289 3394 ·
322 3366 445 3452 publici
466 3371 588 3434 demum
610 3370 689 3436 iuris
713 3371 823 3448 lieret,
859 3392 1056 3456 magnopere
1076 3375 1225 3440 hortatus
1245 3389 1308 3444 est.

322 3470 413 3536 Hinc
445 3471 702 3538 doctissimorum
739 3475 806 3539 eius
844 3473 940 3538 urbis
975 3475 1121 3541 virorum
1157 3500 1309 3546 exarsere

324 3572 436 3652 animi,
458 3575 541 3659 duos
562 3574 646 3641 inter
666 3575 801 3661 palmam
822 3573 889 3653 sine
911 3575 1010 3644 dubio
1031 3575 1105 3644 tulit
1122 3581 1176 3646 vir
1194 3582 1309 3648 claris-

323 3677 419 3740 simus
437 3675 589 3742 Cataldus
611 3679 797 3756 Ianucllius,
826 3678 881 3764 qui
899 3680 1099 3748 concinnatis
1121 3687 1162 3748 ad
1185 3687 1305 3751 Perot-

321 3778 420 3843 tiuum
435 3777 579 3849 codicem
595 3781 767 3864 peramplis
787 3782 1080 3862 lucubrationibus,
1103 3791 1301 3870 praeclaram

324 3880 390 3946 eius
413 3882 590 3974 editionem(
606 3883 655 3948 bis
677 3883 816 3959 currerim
840 3897 871 3950 et
890 3885 996 3969 primo
1018 3887 1146 3973 quidem
1161 3911 1193 3955 a.
1211 3892 1303 3956 1809.

323 4005 424 4048 novas
444 3985 567 4050 fabulas
585 3984 730 4071 plurimis
746 4009 817 4050 cum
838 3987 959 4052 lacunis
982 3991 1141 4074 (propter
1157 3993 1302 4058 codicem
