2752 4718
338 321 377 384 90

379 461 505 523 Vexata
528 453 628 522 saevis
649 457 738 522 navis
759 455 1017 540 tempestatibus,

338 563 433 626 I'nter'
448 571 611 626 vectorum
631 559 777 624 lacrimas
799 572 831 624 et
852 559 963 624 mortis
985 569 1117 633 metum,
1176 623 1178 628 ,

337 664 464 730 Faciem
488 667 526 726 ad
547 685 685 730 serenam
707 661 813 727 subito
834 673 872 726 ut
892 671 1030 724 mutator
1046 660 1137 736 dies,
1178 703 1182 718 .
1214 713 1219 721 ,
1292 660 1305 722 t

337 765 432 832 Ferri
453 765 597 830 secundis
620 776 686 829 tuta
708 764 814 847 coepit
834 763 960 827 flatibus

337 868 504 952 Nimiaque
525 879 634 930 nautas
655 866 811 931 hilaritate
835 867 1001 930 extollere.

337 973 454 1036 Factus
475 969 596 1052 periclo
617 981 681 1036 turn
705 971 900 1053 gubernator
921 970 1063 1051 sepltust

338 1075 441 1138 Parce
463 1076 599 1160 gaudere
621 1079 750 1154 oportet
771 1082 803 1134 et
823 1072 937 1138 sensim
959 1067 1067 1157 queri,
1119 1055 1124 1065 ⁵

340 1179 455 1241 Totam
478 1175 550 1262 quia
571 1176 666 1242 vitam
687 1175 798 1240 miscet
818 1176 913 1242 notar
934 1185 967 1238 et
988 1171 1146 1259 gaudium.
1278 1173 1308 1234 lb

713 1393 810 1454 [uno.
838 1389 950 1454 uultu]

512 1545 679 1612 CANUM
700 1541 877 1608 LEGATI
898 1543 963 1607 AD
984 1541 1155 1608 IOVEM.

381 1686 484 1752 Canes
506 1687 629 1770 legatos
652 1684 726 1749 olim
748 1683 859 1758 misere
880 1685 919 1752 ad
939 1683 1070 1758 Iovem,

339 1789 487 1855 Melioris
508 1789 592 1852 vitae
613 1799 735 1869 tempus
758 1798 881 1850 oratum
903 1805 996 1862 suae,-

340 1895 385 1958 Ut
405 1913 474 1954 sese
495 1892 631 1972 eriperet
651 1888 812 1954 bominum
835 1887 1049 1965 contumeliis,

340 1993 530 2058 Furfuribus
552 1987 613 2055 sibi
634 2012 847 2073 conspersum
861 1994 947 2076 qnod
967 2011 1080 2074 panem
1101 1994 1211 2055 darent

339 2096 496 2178 Fimoque
517 2095 601 2176 turpi
622 2094 786 2156 maximam
809 2094 975 2175 explerent
995 2095 1122 2162 famem.
1296 2091 1310 2154 5

338 2196 486 2261 Profecti
506 2209 577 2259 sunt
598 2195 693 2280 legati
715 2215 778 2260 non
800 2196 897 2258 celeri
917 2199 1014 2279 pede,
1044 2241 1046 2252 .
1093 2215 1095 2222 ’

338 2299 423 2364 Dum
445 2291 571 2362 naribus
591 2310 770 2360 scrutantur
792 2317 896 2362 escam
917 2298 949 2362 in
971 2311 1127 2364 stercore.

340 2400 438 2465 Citati
460 2423 522 2464 non
544 2404 750 2483 respondent.
794 2402 862 2464 Vix
884 2405 1006 2466 tandem
1028 2401 1148 2466 invenit
1184 2425 1185 2428 ¹

339 2506 407 2567 Eos
429 2502 611 2574 Mercurius
632 2514 664 2566 et
685 2506 828 2568 turbatos
850 2503 999 2569 adtrahit.

340 2609 423 2670 Tum
445 2628 524 2670 vero
548 2608 666 2670 vultum
690 2607 795 2690 magni
817 2618 851 2670 ut
875 2608 1019 2672 viderunt
1041 2608 1150 2688 Iovis,
1282 2605 1314 2668 10

340 2713 456 2774 Totam
477 2709 620 2772 timentes
642 2721 855 2772 concacarunt
875 2711 1016 2795 regiam,

338 2811 491 2896 Propulsi
512 2833 593 2876 vero
615 2811 754 2876 fustibus
772 2813 889 2875 vadunt
910 2811 1013 2878 foras.

389 3059 448 3104 Fas.
467 3059 550 3104 xvtt.
586 3057 626 3118 (2)
645 3083 677 3094 -
695 3061 845 3108 consulenda·
861 3064 891 3108 Ρ.
910 3063 940 3111 u.
978 3061 1015 3121 (3)
1033 3064 1143 3108 -moei
1158 3062 1316 3120 exceptatu-

338 3129 403 3186 galtii
424 3131 485 3184 apud
504 3130 662 3174 Schwabium.
683 3131 729 3176 sed
746 3130 775 3176 P.
794 3131 824 3176 R.
843 3146 867 3188 p.
888 3131 925 3192 (ut
942 3134 967 3176 S.
986 3133 1032 3177 Ed.
1050 3131 1101 3188 2.):
1120 3135 1202 3178 navit.
1230 3131 1264 3190 (5)
1280 3145 1316 3176 tu·
1360 3167 1361 3190 ι

338 3197 439 3242 bito-ut
468 3196 587 3256 mutatur]
614 3199 731 3256 Bongars.
757 3199 818 3246 Gud.
846 3201 928 3250 Heins.
959 3203 984 3246 S.
1015 3226 1048 3236 -
1080 3217 1129 3246 om.
1159 3209 1186 3247 ut
1201 3203 1231 3248 P.
1251 3201 1277 3246 ll.
1296 3214 1316 3255 p·
1360 3227 1361 3240 ι

338 3264 374 3321 (8)
391 3265 496 3326 periclo]
514 3269 631 3326 Bongars.
655 3269 680 3312 S.
709 3292 742 3302 -
767 3271 881 3328 periculo
899 3286 924 3327 p.
967 3272 1027 3327 (Hoc
1043 3271 1150 3320 Schwab.
1170 3273 1253 3318 tribuit
1274 3272 1316 3314 tos.
1360 3247 1361 3272 i

336 3336 477 3392 Perottino‚
497 3337 520 3380 in
545 3351 590 3394 quo
606 3339 664 3382 baec
680 3337 768 3384 fabella
789 3353 836 3384 noo
854 3338 953 3398 exstat.)
970 3366 1003 3376 -
1018 3343 1133 3399 periculo
1151 3341 1191 3388 aia
1208 3343 1278 3396 divise
1292 3340 1316 3383 u.
1360 3325 1361 3392 i

337 3420 390 3450 cum
414 3407 456 3450 lin.
482 3419 554 3461 supra
580 3407 627 3452 aia.
655 3432 687 3441 -
709 3409 862 3466 perieuloeie
892 3411 990 3456 Iunctitn
1022 3411 1052 3456 P.
1077 3412 1177 3456 Fuitne:
1201 3405 1319 3473 pericb'tl
1360 3403 1361 3442 l

337 3474 418 3531 (thid.)
439 3485 470 3519 =
489 3473 580 3533 sophor
600 3489 624 3536 g.
644 3475 700 3532 (noo
716 3481 806 3524 notavit
822 3480 904 3536 Vino.)
940 3477 994 3538 (10)
1014 3481 1101 3526 Totam
1120 3478 1190 3540 quio]
1210 3495 1233 3537 p.
1255 3481 1279 3524 S.
1292 3499 1318 3511 -
1360 3465 1361 3508 i

336 3550 457 3604 totumque
475 3559 499 3604 g.
520 3547 593 3591 Selm.
614 3567 644 3580 -
663 3552 737 3591 totam
750 3563 814 3607 quae
831 3550 867 3606 (ut
884 3564 954 3606 saepe
972 3565 1033 3610 quoe
1051 3565 1095 3606 pro
1113 3550 1167 3609 que)
1186 3551 1216 3598 P.

388 3616 447 3660 Fue.
468 3616 561 3660 XVIII.
609 3613 725 3660 CANUM
747 3616 884 3680 LEGATI]
909 3633 933 3675 p.
958 3621 1035 3664 S.'-··
1055 3617 1159 3667 CANES
1175 3612 1320 3679 LEGATOS
1360 3641 1361 3676 p

336 3687 366 3730 Ρ.
386 3685 415 3728 It.
453 3681 491 3744 (2)
507 3707 536 3716 -
557 3686 661 3736 meliora
679 3687 741 3730 uitae
758 3693 869 3747 temporo
887 3689 969 3733 Ili-sin.
988 3691 1055 3738 Brot.
1091 3687 1131 3748 (3)
1149 3687 1186 3748 ut]
1204 3686 1318 3734 Bonus-S·

335 3775 368 3791 ·-
386 3755 422 3800 uti
439 3755 469 3799 P.
489 3769 512 3810 p.
533 3755 620 3810 (neu.
642 3770 688 3800 nnn
710 3757 903 3813 satis'coostat.)
939 3757 1024 3816 (Ibit.)
1042 3757 1160 3818 eriperet]
1179 3759 1241 3806 out.
1258 3761 1282 3802 S.
1295 3775 1318 3787 -·

334 3823 463 3883 abriperet
479 3825 556 3888 1²21t.
575 3820 644 3881 (teste
658 3817 743 3881 vinc.)
762 3839 786 3882 p.
808 3849 836 3860 -·
856 3829 967 3886 eriperet
982 3830 1012 3874 tt.
1032 3827 1207 3885 (testev.sspul,.);
1240 3827 1276 3886 (i)
1294 3846 1320 3860 ·-

330 3891 478 3953 suasoribus
498 3895 527 3940 P.
550 3896 580 3940 u.
625 3891 712 3953 (thio.)
731 3895 903 3958 conspersum]
926 3898 952 3946 S.
972 3919 1000 3932 -
1020 3913 1185 3956 consparsum
1203 3901 1234 3946 P.
1251 3899 1279 3942 ll.
1300 3908 1320 3948 p·

338 3963 421 4023 (Ibin.)
439 3959 537 4026 dorent]
555 3979 579 4022 p.
599 3966 625 4010 S.
648 3986 676 3998 -
696 3963 769 4012 daret
785 3967 814 4013 P.
831 3967 860 4017 u.
904 3961 961 4027 (ll)
978 3965 1078 4028 Mirati]
1097 3981 1121 4026 p.
1142 3971 1169 4014 S.
1190 3995 1222 4006 —
1240 3959 1322 4016 mirari
