2816 4716
1005 331 1045 396 15

53 480 95 544 In
118 500 186 568 quo
209 478 333 544 iactura
354 475 435 544 levis
458 488 521 553 est,
545 500 639 562 quam
661 477 780 552 fortem
802 475 922 550 virum,

54 581 123 664 Qui
143 604 218 646 casu
236 580 341 645 victus
362 578 550 648 temeritatis
570 592 601 645 te
623 592 751 664 arguat.
1004 579 1045 640 25

52 683 204 750 Assensit
225 685 370 770 Magnus
392 695 424 748 et
444 683 591 768 permisit
611 683 707 748 militi

50 787 196 853 Prodire
220 797 354 872 contram
376 785 433 872 qui
452 787 586 850 mirante
609 785 770 860 exercitu,

10 893 11 900 '
50 889 156 956 Dicto
175 889 310 954 celerius
332 888 434 954 hostis
460 889 598 954 abscidit
619 899 716 972 caput

49 993 241 1079 Victorque
264 991 373 1057 rediit.
417 991 480 1056 His
503 1003 579 1056 tune
600 990 776 1074 Pompeius
798 1012 914 1078 super:

52 1095 209 1172 Corona,
233 1093 340 1171 miles,
364 1094 509 1181 equidem
530 1107 562 1158 te
587 1097 674 1159 douo
697 1093 819 1171 libens,
1005 1095 1057 1184 30·

51 1201 156 1280 Quod
178 1197 348 1262 vindicasti
370 1197 494 1262 laudem
519 1197 658 1263 Romani
673 1196 807 1281 imperi:

56 1302 124 1366 Sed
146 1300 362 1367 exstillescant
383 1300 473 1366 oculi
494 1299 558 1376 sic,
581 1299 702 1387 inquit,
726 1301 804 1380 mei,

52 1407 170 1488 Turpe
192 1402 273 1468 illud
292 1402 419 1468 imitans
439 1402 488 1468 ius
510 1403 676 1489 iurandum
698 1403 823 1483 militis,

51 1507 131 1574 Nisi
148 1517 184 1572 tu
207 1505 366 1572 abstulisti
387 1504 529 1572 sarcinas
549 1529 651 1591 anper
664 1529 769 1590 meas.

465 1735 563 1796 [rsa.
583 1737 631 1797 ru]

227 1855 361 1932 totto,
384 1857 539 1922 VENUS
561 1859 624 1947 ET
648 1857 876 1924 GALLINA.

392 1997 541 2052 Adversus
569 1999 706 2054 mulieres.

98 2131 207 2215 Quum
232 2127 408 2194 castitatem
428 2130 512 2196 Iuno
534 2132 680 2197 laudaret
701 2152 805 2207 suam,

53 2237 172 2302 Iocum
195 2229 340 2320 agitandi
363 2253 489 2298 causam
513 2257 578 2302 uon
600 2233 742 2318 reppulit
760 2235 888 2310 Venus,

54 2337 252 2424 Nullamque
275 2347 311 2400 ut
331 2336 508 2402 affirmaret
527 2359 598 2401 esse
620 2336 668 2400 illi
689 2357 821 2422 parem,

54 2443 283 2526 Interrogasse
305 2439 353 2506 sic
373 2438 523 2526 gallinam
545 2439 686 2504 diciturz

53 2543 123 2611 Dic
145 2547 257 2620 sodes,
280 2555 399 2630 quanto
418 2541 525 2628 possis
543 2542 653 2606 satiari
678 2542 768 2608 cibo.
1029 2545 1050 2608 5

53 2646 240 2732 Respondit
258 2643 335 2714 illa:
358 2644 526 2732 Quicquid
547 2645 673 2712 dederis
692 2645 769 2712 satis
792 2645 871 2722 erit;

56 2751 133 2828 Sic,
156 2760 191 2816 ut
212 2752 373 2814 concedas
394 2749 531 2834 pedibus
551 2749 674 2837 aliquid
693 2749 850 2834 scalpere.

55 2855 111 2920 Ne
132 2853 274 2938 scalpas,
296 2851 422 2938 inquit,
445 2853 521 2918 satis
539 2865 587 2918 est
608 2853 734 2920 modius
754 2853 880 2918 tritici?
994 2847 1001 2858 ’

54 2957 178 3034 Plane,
199 2955 298 3021 immo
321 2955 452 3020 nimium
474 2967 536 3034 est,
560 2960 616 3021 sed
636 2956 785 3040 permitte
806 2957 964 3042 scalpere.

57 3062 117 3126 Ex
131 3069 222 3136 toto,
244 3080 284 3124 ue
303 3057 382 3145 quid
406 3059 547 3142 scalpas,
570 3059 648 3147 quid
667 3060 852 3128 desideras?
1010 3060 1052 3124 10
1096 3075 1099 3090 ·

56 3165 146 3228 Tum
164 3161 300 3250 denique
322 3161 378 3226 illa
398 3162 484 3226 fassa
507 3173 556 3225 est
577 3175 707 3228 naturae
730 3164 866 3228 malum:

59 3379 121 3424 Vct.
142 3371 243 3432 (Neap.)
275 3399 309 3410 -
344 3373 512 3421 Iucunditatis
530 3387 635 3420 causum
652 3377 674 3420 1.
694 3375 724 3420 Ζ.
761 3375 879 3434 Equidem
899 3391 947 3422 non
966 3377 1052 3432 tideo,
1146 3394 1148 3397 ·

60 3446 185 3506 quomodo
201 3445 240 3489 hie
257 3445 336 3490 locum
355 3445 443 3490 habeat
459 3445 604 3490 iucunditas
624 3459 668 3502 pro
684 3460 728 3500 ao,
748 3449 811 3504 quod
829 3447 957 3494 manifesto
972 3447 1053 3504 requi·

57 3519 139 3570 riter,
159 3515 213 3558 teil.
232 3515 296 3560 loro.
334 3514 386 3559 cu.
406 3529 470 3560 vers.
493 3511 533 3561 13.
571 3514 635 3565 Ibid.
655 3514 774 3575 reppulit]
795 3517 815 3561 1.
835 3517 866 3561 Z.
890 3537 925 3552 -·
954 3517 1054 3574 repellit

60 3589 122 3632 Vnt.
142 3583 220 3639 Neap.
285 3581 326 3643 (3)
345 3609 377 3620 -
395 3583 568 3645 Naturamque
587 3582 731 3647 affirmaret
754 3591 781 3630 ut
797 3601 819 3634 a.
840 3587 858 3631 l.
875 3602 904 3646 p.
923 3587 1053 3642 Exemplar
1138 3617 1142 3624 .

58 3659 148 3703 Burm.
169 3653 242 3712 (Mihi
260 3655 354 3700 videtur
372 3669 438 3700 mera
458 3657 521 3702 coni,
541 3658 579 3701 rel
598 3654 744 3710 Burmanni,
773 3658 811 3701 val
828 3657 955 3711 Dorvillii,
981 3669 1052 3713 antm

58 3724 175 3772 lanuellii
188 3725 261 3768 editio
273 3739 356 3770 mauce
368 3727 493 3771 exhibeat:
513 3724 538 3771 N
548 3757 555 3770 .
568 3757 574 3770 .
588 3727 615 3772 l.
630 3740 690 3785 .que
706 3731 732 3770 ut
741 3723 886 3788 affirmaret
897 3728 965 3778 ease)
976 3727 1005 3770 B.
1021 3726 1051 3769 Z.

42 3793 235 3850 l'l'reuspositr'o
260 3799 339 3840 tamen
367 3797 430 3840 conl.
451 3801 477 3840 ut
493 3797 591 3842 minime
610 3798 696 3852 placet.
733 3797 809 3852 Vide,
830 3811 859 3841 ne
878 3796 995 3842 sententis
1014 3809 1053 3839 re·
1075 3821 1077 3825 ,

61 3869 160 3925 quirat:
179 3859 329 3924 Nullamque
342 3871 369 3910 ut
380 3863 523 3929 affirmaret
533 3881 589 3916 esee
602 3867 653 3913 etot
663 3867 787 3925 imperem
794 3899 801 3923 ‚
821 3868 910 3912 nuttam
927 3866 1053 3910 mulierem

59 3935 196 3981 castiorem
219 3947 273 3979 esse
296 3936 348 3991 ipsu
366 3938 470 3982 Venere.
533 3935 573 3992 (5)
587 3935 685 3996 pueris]
710 3937 787 3994 Nsup.
813 3957 845 3969 -
877 3948 969 3995 poam
996 3937 1052 3981 vat.

60 4005 104 4066 (8)
124 4003 247 4061 „Reliqua
261 4006 345 4049 eadem
363 4018 465 4060 prorsus
482 4011 537 4050 sunt
555 4012 603 4051 tum
623 4010 646 4052 iu
665 4009 722 4078 ilat.
738 4009 819 4054 codiee
837 4013 888 4054 tum
905 4008 929 4052 in
950 4006 1054 4053 editione
