2776 4718
68 509 124 572 Ad
145 527 217 570 cum
239 507 407 590 phoebeos
431 527 558 572 mavors
582 499 732 594 effugerit
752 509 855 594 ignes.

69 610 147 675 Sive
169 609 249 674 aries
272 610 443 694 germiniq.
469 615 561 676 deum
583 611 651 675 sive
673 611 739 676 acri
761 611 875 676 leonis:
944 641 947 652 ·

69 714 165 778 Sidus
188 723 220 776 et
242 726 355 797 equate
378 714 495 780 librato
517 718 659 798 pondere
681 717 799 780 casiae.

68 817 164 880 Sidus
187 829 218 880 et
240 829 352 901 equate
375 818 493 882 librato
516 821 659 902 pondere
675 819 795 884 leonis.

66 922 137 985 Aut
159 942 237 984 arcu
257 921 384 1003 pollens
407 933 460 984 aiut
481 919 592 984 imbris
613 922 708 986 furor
728 921 867 994 habebit,

68 1025 206 1088 Siocatis
228 1045 341 1088 caecus
364 1009 582 1088 uebuiitheb'et
603 1026 732 1090 habitur
754 1043 820 1091 aer.

66 1128 204 1210 Nullaq.
228 1127 401 1210 praecipite
424 1128 618 1213 sagittabunt
640 1147 781 1216 aequora
803 1127 906 1195 venti.

67 1231 134 1296 His
156 1230 238 1294 idem
261 1230 348 1297 lento
370 1229 470 1318 siguis
493 1253 563 1296 cum
585 1233 732 1316 suprimit
751 1232 849 1319 ignis.
959 1285 963 1290 ,
1035 1233 1077 1296 30

68 1417 253 1504 Velligeret
274 1417 365 1504 nigra
388 1439 499 1483 cursus
520 1423 678 1486 stantioue
700 1357 840 1486 tenebit.

69 1524 155 1586 Tum
178 1523 294 1586 crebro
317 1543 450 1606 mugnus
472 1533 602 1587 tonetru
623 1523 801 1606 pulsabitur
823 1526 947 1589 aethre.

68 1627 154 1688 Tum
177 1625 324 1688 resoluta.
340 1625 426 1688 dabit
447 1624 571 1688 nimbus
593 1646 662 1690 cum
686 1630 840 1711 grandine
862 1612 966 1692 nubis.
1054 1645 1058 1650 '
1107 1649 1110 1652 ·

67 1728 134 1791 Sed
155 1727 255 1812 magis
277 1727 430 1792 hibernae
451 1729 668 1810 steteritcum
690 1729 793 1794 sidera
816 1731 928 1814 partis.

67 1831 223 1896 Effundet
243 1841 328 1894 totas
350 1831 510 1898 violentos
533 1834 659 1898 numine
682 1833 782 1897 uires.
831 1913 834 1924 ὑ
1033 1836 1072 1918 35

67 1935 122 2000 Ad
145 1935 289 2000 modicos
310 1933 427 2000 imbres
454 1937 551 2019 provi
572 1961 642 2002 cum
665 1937 904 2002 cornua'tauri.
1120 1929 1122 1935 ¹

67 2043 311 2129 Frugiferamq.
335 2047 424 2108 deam
447 2044 500 2108 vel
521 2042 694 2106 brumalem
718 2039 956 2126 capricornum.

67 2148 372 2234 Adigeret'liquido
393 2169 458 2212 uon
480 2169 596 2211 saevius
621 2149 660 2210 ab
683 2145 811 2210 aethere
834 2147 958 2226 fundet.

66 2253 214 2317 Incertus
237 2272 354 2315 cancro
375 2262 477 2314 terras
500 2273 571 2312 cum
593 2250 698 2314 letifer
721 2261 807 2314 ortu.

66 2355 173 2420 Strius
195 2353 303 2418 aflavit
324 2352 488 2417 nocituros
511 2363 667 2434 temperat
689 2365 806 2416 aestus.
1035 2355 1077 2416 to
1122 2420 1125 2428 ,

67 2441 227 2542 Scorpios
248 2455 388 2540 adprime
411 2455 588 2540 quacolitae
612 2455 734 2518 cumina
756 2460 869 2520 cauda.

66 2561 238 2648 Frigidaq.
262 2559 396 2624 extremi
417 2558 477 2622 iam
501 2559 650 2622 claudunt
671 2557 779 2622 sidera
798 2558 913 2642 pisces.

65 2765 224 2816 hebetabitur
243 2777 268 2822 p.
305 2763 358 2822 (29)
376 2775 414 2812 me
428 2763 583 2822 praecipiter
604 2762 738 2824 agitabunt
753 2777 776 2819 p.
815 2760 873 2820 (30)
892 2757 1036 2822 supprimit
1050 2777 1074 2820 p.

68 2865 101 2876 -
119 2835 170 2883 Hir
196 2834 262 2880 idern
285 2835 366 2880 lentus
386 2834 473 2880 Pisces
489 2847 563 2892 quum
582 2833 718 2894 supprimit
738 2833 808 2894 ignis
829 2834 899 2878 Helu.
941 2829 1001 2896 (31)
1022 2833 1076 2878 Vel·

65 2912 138 2972 liger
152 2912 179 2951 ‘et
195 2919 220 2962 p.
239 2914 278 2952 ete
295 2906 402 2950 statione
418 2919 442 2961 p.
472 2901 504 2938 -'-
534 2903 631 2948 tenebat
652 2905 723 2950 etiarn
745 2917 767 2960 p.
786 2913 824 2952 me
842 2903 933 2948 tenebit
947 2907 992 2950 Bu.
1007 2910 1032 2950 ut
1045 2905 1075 2949 Α.

66 2997 81 3025 a
100 2992 153 3026 see.
177 2990 209 3024 m.
246 2971 300 3031 (32)
318 2985 356 3022 mo
375 2974 445 3020 Tunc
462 2987 486 3030 p.
505 2973 600 3018 tonitru
618 2986 642 3028 p.
663 2997 695 3008 -
714 2971 799 3022 nemer
819 2988 842 3030 p.
881 2971 937 3029 (33)
955 2985 994 3021 nso
1011 2975 1077 3019 nim-

66 3051 112 3098 boe
132 3061 157 3104 p.
177 3069 210 3080 ·-·
228 3045 306 3090 nuber
322 3058 346 3100 p.
385 3042 440 3101 (34)
461 3066 490 3076 -
511 3043 626 3087 steterint
645 3044 691 3088 Bu.
713 3045 755 3102 sed
775 3045 907 3102 requiritur
926 3045 1005 3099 potius
1026 3045 1076 3090 eci·

67 3120 152 3172 derit,
172 3121 197 3160 ut
216 3121 254 3161 est
274 3116 460 3160 Phaenomenon
475 3127 502 3158 v.
519 3110 579 3158 423.
617 3109 674 3171 (35)
692 3115 823 3159 uiolentior
846 3115 946 3159 numine
965 3115 1031 3160 uires
1050 3129 1075 3170 p.

66 3212 102 3225 -
121 3187 232 3234 intento
247 3185 346 3230 turbine
363 3187 410 3230 vet*
422 3197 549 3231 murmure
568 3183 652 3228 Heius.
684 3206 713 3217 -
733 3185 863 3228 uiolentior
886 3185 989 3248 agmine
1007 3185 1076 3232 Helu.

67 3257 128 3320 (36)
144 3257 221 3315 proni
242 3245 299 3312 (sir)
318 3268 375 3298 curn
392 3267 523 3298 murmure
544 3267 568 3308 p.
614 3248 675 3314 (38)
693 3253 782 3315 Aliger
801 3260 825 3298 et
843 3268 867 3310 p.
905 3249 958 3310 (39)
976 3251 1077 3314 ietbiser

66 3343 93 3386 p.
133 3324 191 3381 (40)
211 3325 296 3374 Striur
314 3321 414 3386 efflauit
428 3338 452 3380 p.
497 3319 583 3384 (thid.)
603 3329 688 3368 uester
707 3337 730 3380 p.
769 3325 857 3370 Totum
875 3325 954 3370 locum
970 3325 1006 3370 sic
1021 3339 1077 3370 eon·

67 3398 150 3444 sumit
166 3396 308 3442 Helvetius:
340 3393 390 3438 Sed
407 3394 492 3454 mugit
510 3391 628 3438 hibernae
647 3395 761 3438 steterint
783 3407 857 3454 quum
875 3393 961 3439 sidera
977 3395 1076 3452 partis,

66 3464 283 3528 Frugiferquue
300 3464 383 3511 Deam
409 3465 447 3508 vet
469 3463 607 3507 brumalem
631 3459 827 3520 Capricornum,
856 3461 887 3508 At
902 3464 1013 3510 modicos
1032 3465 1077 3508 irn-

67 3539 128 3584 ὀνκ
147 3537 227 3596 proni
250 3549 306 3580 rum
332 3547 462 3578 murmure
484 3532 565 3577 Tauri
597 3531 687 3594 Aliger
716 3539 740 3578 et
757 3534 852 3594 liquido
870 3549 920 3579 non
938 3547 1027 3580 acerne
1046 3533 1077 3578 ab

66 3607 172 3654 retbere
183 3603 281 3668 findet,
308 3602 365 3662 (sic)
383 3603 497 3648 Incertus
512 3600 626 3658 Cunero,
645 3608 744 3658 terrae,
770 3619 844 3664 quum
862 3601 946 3665 ietifer
962 3609 1020 3661 ertu
1037 3603 1077 3648 Si-

66 3681 125 3724 rius
143 3676 247 3740 adflavit
260 3673 391 3730 nocituro,
410 3679 532 3730 temperat
552 3679 655 3727 aretum
673 3673 697 3718 in
718 3675 803 3731 quibus
824 3677 904 3720 insuat
922 3675 968 3718 atie
990 3673 1077 3727 proba·

65 3751 129 3794 bilia
145 3748 192 3792 alia
208 3759 309 3806 prensus
327 3745 475 3798 reiicienda,
496 3744 568 3788 veluti
583 3756 641 3787 rum
653 3757 781 3788 murmure
800 3744 895 3798 Tauri,
918 3749 941 3788 et
953 3743 1090 3788 nocituro..

65 3817 125 3876 (tt)
145 3816 276 3875 adprime
298 3828 347 3874 qun
364 3814 425 3859 colit
444 3813 559 3858 domnine
580 3810 640 3876 (sic)
659 3813 741 3859 crude
757 3830 781 3870 p.
800 3825 838 3862 mo
855 3820 881 3858 nt
900 3814 1001 3870 primus
1029 3825 1078 3871 pua

65 3889 136 3934 tollit
153 3887 273 3932 acumine
292 3883 389 3930 caudae
406 3883 489 3930 Heius.
538 3879 592 3938 (143)
611 3903 640 3918 -
657 3883 796 3945 itetuneque
811 3899 835 3940 p.
859 3905 887 3916 -
908 3880 1004 3928 Martie
1028 3895 1078 3926 nou

64 3961 129 4004 illes
145 3955 280 4002 turbabunt
304 3956 354 4000 reta
372 3967 448 4014 neque
470 3951 563 3997 imbreo
583 3954 628 3999 Bu.
654 3977 682 3988 -
703 3953 801 3998 Martia
821 3967 871 3998 nnn
893 3953 951 3998 illes
970 3951 1080 4019 turbabit

66 4029 146 4075 atella
155 4041 234 4090 neque
246 4025 340 4072 imbres
350 4025 420 4070 Helr.
458 4019 514 4081 (tt)
528 4019 595 4069 Haut
608 4023 660 4070 ullu
673 4022 896 4082 contruncent
909 4023 961 4068 utta
973 4022 1079 4069 condent
