2846 4736
303 343 343 408 22

304 484 359 570 qrri
379 482 638 550 chrestomathias
667 485 700 548 in
721 479 842 566 primos
871 497 1047 566 priorarum·
1065 499 1140 547 usus
1173 482 1297 568 compi·

303 587 387 664 lant,
409 587 510 650 verba
527 585 617 650 nimie
637 585 770 652 difficilia
789 597 821 648 et
841 585 938 670 longe
960 582 1101 674 quaesita
1122 603 1194 648 oum
1214 583 1296 648 laci·

304 689 437 754 lioribus
468 701 707 754 commutantes.
766 689 818 753 Sic
838 689 892 753 ille
919 688 1073 752 interdum
1095 685 1222 752 videtur
1246 689 1297 752 le·

289 789 404 869 'cisse,
428 792 519 857 metr'i
539 813 649 876 parum
665 791 822 856 carnosus.
867 791 1006 874 Omnino
1020 801 1123 856 autem
1138 811 1297 876 nunquam

306 894 530 958 obliviscamur
555 905 700 976 oportet,
733 894 857 959 minime
874 893 1016 958 criticum
1040 913 1135 978 agere
1157 893 1299 958 voluisse

303 997 488 1072 Perottum,
525 1000 581 1060 sed
602 997 691 1064 unice
714 997 844 1078 Pyrrho
866 995 975 1079 nepoti
993 996 1173 1062 fabularum
1193 994 1299 1079 potie-

306 1099 416 1165 simum
452 1109 483 1162 et
498 1100 766 1184 ‘epigrammatum
791 1095 988 1190 ouuoymyr'yu
1008 1101 1184 1174 adornare,
1209 1095 1299 1160 taciti

284 1265 290 1270 .
305 1215 403 1284 opera
421 1199 509 1264 utilia
521 1223 589 1264 eum
606 1201 748 1266 dulcibus
760 1203 972 1284 complexum.
1003 1196 1184 1282 Quo'etiam
1198 1199 1300 1264 minus

304 1303 456 1388 suspicari
481 1302 573 1379 licet,
598 1305 638 1369 ab
661 1304 786 1368 homine
819 1307 984 1368 admodum
1011 1301 1190 1368 tumulturio
1211 1301 1298 1364 istud

304 1408 464 1490 negotium
483 1416 633 1470 exsecuto
648 1417 698 1471 tot
721 1428 757 1470 ac
780 1417 842 1469 tam
864 1405 1010 1490 egregias
1031 1403 1183 1469 lectiones
1198 1423 1299 1468 exeo-

258 1511 260 1520 ‘
305 1508 419 1591 gitatas
441 1527 527 1584 esse,
552 1519 630 1591 qrtot
651 1509 778 1573 exhibet
801 1508 867 1574 eius
890 1508 1088 1591 opusculum.
1133 1509 1233 1572 immo
1255 1536 1297 1550 -

304 1621 336 1672 et
357 1610 419 1674 hoc
440 1611 565 1692 quidem
588 1633 686 1696 genus
708 1611 806 1676 tertio
828 1612 902 1675 loco
925 1631 1012 1693 pono
1034 1641 1075 1654 -··
1096 1629 1133 1672 ea
1153 1631 1214 1672 una
1229 1608 1298 1673 cul-

209 1755 213 1762 ·
303 1733 361 1795 pa,
386 1711 413 1775 si
433 1715 538 1776 tamen
560 1715 622 1778 tale
645 1715 810 1780 consilium
833 1713 900 1776 sine
914 1714 977 1776 ulla
991 1713 1103 1776 frattde
1118 1722 1298 1793 susceptum

305 1815 420 1896 culpae
447 1835 559 1879 nomen
588 1827 744 1893 meretur,
781 1836 843 1897 pro
866 1827 955 1878 certo
978 1815 1007 1878 ei
1029 1815 1147 1898 apponi
1167 1823 1295 1896 potest,

305 1919 393 2000 quod
421 1917 560 1981 Phaedri
587 1917 737 1994 fabellas,
774 1937 910 1999 prorsus
940 1927 975 1980 ut
1002 1917 1235 1992 Avienianasa
1263 1935 1299 1978 se

305 2018 435 2082 selectas
450 2021 490 2081 'et
511 2005 692 2094 mutilatas,
718 2019 906 2101 promythiis
929 2031 960 2082 et
982 2019 1158 2102 epimythiis
1179 2017 1297 2083 ridicu·

304 2120 368 2183 lum
391 2141 484 2202 saepe
506 2120 543 2187 in‘
561 2123 686 2186 modurn
707 2119 883 2198 truncavit,
907 2121 1007 2185 veluti
1029 2145 1124 2205 quum
1145 2119 1297 2186 festinans

301 2222 347 2288 ita
368 2223 579 2287 contraxisset
601 2225 638 2302 l,
663 2224 721 2303 ll,
748 2219 841 2287 l-fi,
865 2225 931 2304 (ubi
954 2225 1025 2288 vide
1036 2227 1060 2300 t)

279 2451 287 2472 ‚
364 2451 366 2458 ,
416 2401 479 2458 Heu
497 2407 618 2472 qrtantus
635 2407 678 2454 eet
695 2419 801 2476 semper
819 2402 980 2458 mortalium
998 2403 1092 2457 livor!

415 2494 487 2550 Sunt
505 2500 550 2565 qui
568 2481 699 2566 quidquid
714 2504 819 2566 putant
838 2495 953 2564 dignum
971 2502 1120 2564 memoria,

415 2588 522 2658 Aesopi
539 2587 651 2649 dimon,-
669 2595 694 2642 εἰ
712 2587 779 2662 quid
798 2595 888 2642 minus
906 2587 1056 2658 adrium,

416 2681 445 2732 A
463 2699 505 2733 me
524 2681 692 2734 contendunt
705 2679 808 2755 fiotum
827 2687 925 2754 quovis
940 2687 1080 2752 pignora

306 2827 464 2895 versiculo
477 2832 635 2922 'sequente
656 2827 886 2897 inconsiderate
906 2829 950 2892 ita
970 2829 1134 2912 perrexit:

417 2987 512 3058 Quem
530 2991 595 3044 uolo
621 2989 716 3064 refelli
734 2995 791 3044 iam
810 3007 881 3044 nunc
900 3005 1033 3062 responso
1052 3008 1121 3050 meo,

267 3143 269 3154 ’
304 3138 485 3202 eudemum
509 3135 728 3202 animadverso
752 3136 961 3219 soloecismo,
985 3139 1160 3221 reposuite
1188 3142 1297 3223 Quos.

305 3239 394 3302 Haec
414 3237 511 3321 igitur
535 3249 566 3300 et
586 3239 677 3316 talia,
710 3240 807 3304 veluti
828 3241 866 3318 2,
890 3240 929 3317 8,
954 3240 1007 3306 27.
1061 3242 1298 3328 Praedamque

303 3340 393 3408 tollit
413 3361 516 3424 quom
536 3355 724 3423 parauerat
740 3363 844 3406 cneus
868 3363 949 3424 pro:
978 3343 1211 3434 Praedamque
1232 3348 1298 3410 tol·

304 3441 356 3503 tit.
399 3445 492 3505 Haec
508 3443 688 3525 signifieat
695 3441 833 3536 fabulo
851 3445 1039 3513 Dominum
1055 3445 1169 3518 uidere
1184 3448 1297 3530 pinri-

304 3563 398 3608 mum
411 3543 448 3605 in
464 3545 565 3606 rebus
580 3547 670 3622 suis,
688 3546 803 3632 ¹utique
819 3547 870 3610 alii
882 3547 997 3613 nemini
1011 3547 1071 3612 nisi
1084 3549 1222 3614 Perotto
1236 3548 1297 3613 tri-

303 3645 427 3708 hilerda
454 3657 551 3724 suut,
588 3669 683 3733 quum
713 3648 745 3715 iu
775 3649 883 3712 mediis
914 3647 1029 3716 tabulis
1063 3669 1128 3713 non
1156 3649 1294 3737 liqueat,

306 3745 381 3832 quid
403 3745 456 3810 alii
477 3761 546 3814 ante
566 3750 667 3833 ipsum
686 3751 750 3814 ¹eibi
770 3750 981 3836 permiserint.

368 3849 461 3923 Iam,
497 3871 591 3935 quum
622 3853 792 3928 vidissem,
831 3851 938 3938 qualos
974 3851 1116 3918 senarios
1149 3854 1297 3920 effuderit

304 3949 372 4033 ipse
394 3953 544 4019 Perottus
567 3956 650 4020 eod.
674 3959 749 4018 Per.
774 3956 855 4026 Vol.
878 3956 908 4024 Ι.
930 3975 966 4037 p.
991 3953 1074 4018 26¹2:
