2752 4718
13 481 14 492 ἶ
48 489 143 550 Hice
165 495 343 568 conspectu
365 505 461 570 qurum
483 484 581 567 patris
602 494 796 562 recesserat,

48 590 244 672 Verberibus
266 611 379 653 servos
402 589 555 652 afficiebat
576 589 720 670 plurimis
778 633 779 636 ,
821 651 823 662 ,

48 696 87 759 Et
108 695 281 757 exercebat
301 693 455 757 fervidam
480 693 738 756 adolescentiam.

46 799 190 880 Aesopus
213 819 295 882 ergo
317 781 427 860 narrat
446 797 511 860 hoc
532 796 674 859 breviter
697 795 785 876 seni:
910 815 915 854 ι
1026 797 1044 857 5

49 899 175 979 Quidam
197 901 335 964 iuvenco
357 900 499 963 vetulum
522 900 715 983 adiungebat
735 901 863 965 bovem.

48 1005 78 1066 Is
99 1027 211 1086 qrtrrm,
235 1003 398 1087 refugiens
421 1002 536 1086 impari
557 1003 642 1066 collo
664 1002 792 1088 iugum,

49 1108 165 1170 Aetatis
188 1119 355 1170 excusaret
378 1105 464 1171 vires
486 1105 668 1190 languidas:

49 1211 119 1274 Non
141 1224 206 1286 est,
232 1213 319 1295 quod
342 1254 379 1274 ..
399 1253 408 1274 .
427 1254 436 1274 .
454 1208 634 1298 as,inquit
657 1209 702 1272 illi
724 1209 881 1274 rusticus:

50 1314 136 1390 Non,
160 1315 289 1382 utl.b
307 1356 490 1378 ........
502 1357 511 1390 ,
536 1315 591 1376 sed
613 1323 647 1376 ut
668 1312 764 1375 istum
787 1315 896 1376 domes
1004 1313 1045 1376 lo

51 1459 415 1482 .............
420 1439 477 1496 „nu
499 1417 616 1480 multos
639 1409 744 1478 reddii
766 1416 898 1480 debiles.

52 1519 173 1584 S..tu
198 1519 272 1585 ..si
296 1532 409 1584 ..tum
432 1531 536 1582 tecum
560 1519 682 1582 assidue
705 1518 839 1596 retines,

53 1666 202 1688 .......
224 1669 237 1688 s.
252 1623 403 1708 ,genium
420 1621 602 1704 comprimis
625 1621 810 1684 elementia:

52 1728 131 1789 ..de
152 1749 190 1790 ne
213 1727 344 1812 querela
366 1724 469 1790 maior
485 1733 647 1786 accrescat
668 1726 796 1787 domus.

50 1828 215 1894 Atrocitati
237 1831 444 1893 mansuetudo
466 1839 514 1891 est
535 1825 721 1904 remedium.

443 2025 541 2089 [ran.
561 2027 638 2089 mu]

144 2181 352 2246 AESOPUS
374 2179 437 2243 ET
461 2177 646 2270 VICTOR
668 2177 928 2246 GYMNICUS.

106 2323 283 2406 Quomodo
311 2320 560 2404 comprimatur
580 2321 774 2406 'aliquando
801 2321 978 2386 inolumin-

87 2445 215 2518 †Forte
238 2443 394 2509 rictorem
417 2441 556 2526 gymnici
577 2439 756 2504 certaminis
828 2435 832 2448 ’

52 2544 265 2612 Iactantiorem
289 2569 384 2630 quum
393 2535 431 2620 ῃἶ)
441 2545 570 2608 vidisset
592 2546 763 2626 Aesopus,

52 2647 261 2735 interrogavit
282 2648 487 2732 †ampliusne
509 2649 710 2714 adversarius

52 2751 203 2818 Valuisset
224 2756 344 2829 †suus.
390 2753 469 2818 Ille:
493 2754 544 2816 Ne
565 2750 808 2828 istud-dixeris,
1038 2819 1041 2824 ,

52 2853 148 2921 Multo
170 2858 262 2920 fuere
286 2857 370 2921 vires
393 2856 528 2919 maiores
550 2877 651 2920 meae.
858 2912 866 2921 .
950 2903 953 2912 .
1023 2855 1064 2932 51

53 2956 153 3037 Quod,
176 2959 297 3044 inquit,
323 2959 561 3044 ergo,*stulte,
586 2957 727 3024 meruisti
750 2959 863 3036 decus,

51 3058 149 3126 Minus
174 3065 330 3127 valentem
352 3063 379 3126 si
400 3061 505 3126 vicisti
528 3061 672 3126 sortior?
809 3054 814 3068 '

53 3161 205 3229 Ferendus
227 3187 331 3242 esses,
354 3166 442 3228 forte
465 3167 543 3228 site
566 3165 687 3228 diceres

54 3263 232 3350 superasse,
257 3268 346 3352 †qui
366 3279 450 3334 esset
472 3268 583 3332 melior
606 3267 739 3332 viribus.

52 3480 107 3522 nuto
126 3483 145 3528 1.
167 3483 197 3528 Ζ.
235 3479 290 3538 (12)
313 3491 352 3528 eto
377 3481 421 3526 Sic
438 3486 481 3537 tu,
505 3480 558 3526 nisi
577 3485 668 3525 notum
687 3481 706 3524 l.
724 3481 754 3526 Z.
791 3479 849 3540 (1¹3)
868 3482 887 3526 E
906 3482 1043 3537 promytbio
1109 3509 1111 3513 ,

51 3547 132 3595 ridetur·
149 3553 319 3608 supplendum:
339 3550 470 3612 Feroxque
482 3551 621 3612 ingenium.
641 3561 680 3596 mo
697 3549 848 3611 Servumque
866 3553 997 3614 ingenium
1012 3553 1041 3596 C.

52 3615 77 3660 Z·
94 3645 124 3654 -—
141 3624 269 3676 retinens,
297 3619 381 3665 ferox
402 3621 534 3682 ingenium
561 3621 711 3679 comprimes
730 3622 833 3667 Dorvill.
858 3623 885 3668 B.
916 3624 959 3680 (-
977 3635 1043 3666 com·
1073 3671 1075 3678 Ι

48 3688 134 3741 primes
152 3695 224 3738 etiam
244 3691 286 3745 Z.)
323 3689 375 3746 (lt)
395 3689 456 3735 Vide
474 3705 504 3734 ne
523 3691 543 3736 l.
565 3691 594 3734 Ζ.

94 3761 149 3808 Fre.
170 3764 230 3808 ΧΠ.
268 3759 306 3816 (1)
324 3771 362 3808 Ν
381 3759 506 3806 Victorem
517 3757 589 3820 sorte
608 3762 627 3805 l.
649 3761 679 3806 Z.
698 3777 700 3782 ·
716 3755 760 3822 (2)
778 3771 816 3808 w
834 3775 908 3821 quum
931 3775 987 3806 csse
1007 3760 1042 3805 ri-

51 3823 120 3876 disset
145 3831 239 3891 sophus
264 3831 292 3875 C.
320 3831 349 3876 Z.
376 3856 409 3865 -
436 3845 509 3892 quum
530 3831 635 3876 vidisset
653 3833 691 3876 vir
708 3826 761 3894 (vel
781 3830 884 3891 Phryx)
909 3829 1002 3888 coptus
1020 3831 1041 3875 l.

51 3893 83 3952 (3)
97 3912 133 3948 mo
150 3903 276 3962 amplians
296 3900 350 3949 adr.
361 3899 473 3946 humeris
486 3913 508 3945 r.
530 3902 559 3946 G.
574 3903 604 3946 Z.
626 3927 658 3936 --
678 3916 711 3945 on
723 3902 784 3959 plus
799 3901 855 3946 ude.
874 3900 1001 3949 Suusaal.
1020 3901 1041 3946 l.

52 3965 86 4030 (⁹)
102 3982 138 4020 tto
155 3973 246 4020 melior
264 3971 389 4032 quiesset
406 3973 434 4018 B.
456 3973 485 4017 Ζ.
505 3991 539 4006 ·-
557 3973 600 4032 qui
609 3969 708 4034 suisset
724 3973 812 4016 melior
829 3972 850 4015 l.
