2816 4716
1038 263 1104 324 218

101 411 134 472 si]
154 437 187 447 —
205 411 241 458 Ao
259 415 292 458 ei.
335 411 496 468 (1-142168)
516 411 631 472 pondera]
651 437 682 448 -
697 409 819 471 pondere.
856 404 1023 470 (115=169)
1040 409 1105 454 Con·

99 481 209 540 venient]
229 507 261 518 -
280 479 439 528 Conveniunt.
488 481 650 540 (1222176)
669 484 733 528 Haec
751 484 779 526 de
797 483 930 534 mensuris,
965 493 1064 538 quarum
1083 481 1103 524 si

99 553 171 612 signe
188 548 309 624 requirisl
322 573 357 588 -
373 551 443 600 Haec
458 551 488 598 de
507 553 634 598 mensuris
652 551 697 598 liii
714 553 769 597 sint
783 565 845 611 quae
863 551 939 612 signa
957 549 1078 609 requiris.

164 711 248 775 Post
269 712 352 774 hunc
379 733 413 774 r.
439 712 511 774 176.
542 709 717 795 Angelonii
743 720 917 794 sequuntur
941 729 995 774 vv.
1022 707 1100 780 20.,

98 813 154 896 qui
177 816 290 876 absunt
312 816 351 876 ab
374 815 511 878 editione
533 799 729 878 Emilicheri.

140 915 244 979 Libra
267 917 374 979 velas
397 939 438 978 ex
460 917 593 982 unciolis
616 927 741 978 constat
762 913 927 979 duodenis.

100 1017 205 1082 Uncia
226 1021 266 1082 dc
288 1020 369 1082 libra
389 1013 504 1104 linquit
526 1019 667 1084 subiecta
689 1021 859 1080 deuncem:

96 1123 143 1184 Et
165 1133 291 1186 sextans
314 1124 406 1203 (haec
429 1122 550 1187 scilicet
571 1135 619 1200 est
640 1123 809 1208 geminata)
833 1124 1022 1184 decunceui:

99 1224 189 1291 Hinc
221 1228 379 1310 quadrans
408 1228 500 1306 (haec
528 1226 650 1291 scilicet
678 1227 745 1308 ipsa
780 1238 830 1288 ter
859 1226 941 1302 acta)
964 1226 1102 1288 dodran.
1204 1244 1205 1248 ’

724 1343 816 1392 tem:
1039 1330 1101 1388 180

97 1430 180 1492 Inde
201 1429 300 1494 triens
323 1430 435 1514 (ipsius
458 1433 723 1516 quadruplicatio)
746 1433 889 1496 bissem?

98 1531 272 1611 Quincnnx
293 1546 493 1616 septuncem;
518 1538 604 1618 quod
626 1548 674 1598 sat
696 1559 751 1598 sua
773 1539 917 1618 pondera
938 1538 1099 1619 produnt:

98 1635 202 1700 Semis
225 1637 405 1714 semissem,
431 1637 563 1704 medium
586 1642 657 1708 dnm
682 1639 791 1702 dividit
814 1660 931 1711 asseur;

97 1741 171 1801 Nec
191 1753 283 1803 vacat
304 1742 448 1804 unciolae
474 1725 604 1804 mediam
627 1743 788 1805 sescuncia
811 1738 957 1826 iungens.

98 1841 201 1906 Uncia
224 1843 339 1928 viginti
362 1845 518 1926 scripulos
541 1857 572 1907 ct
594 1857 746 1927 quattuor
768 1843 886 1906 ambit:
925 1835 928 1841 Δ
1041 1845 1099 1914 185

98 1944 303 2018 †Dimidium
327 1958 410 2010 stant
432 1969 468 2010 ac
490 1948 645 2028 semuncia
669 1947 782 2010 dicitur
803 1946 882 2010 cius.

99 2047 207 2110 Terna
231 2051 309 2116 (luae
331 2051 449 2112 sesclae
471 2073 546 2132 pars
569 2063 616 2113 est
638 2053 808 2134 eademque
831 2050 947 2112 duella.
987 2055 990 2063 '

100 2149 224 2230 Quarta
246 2151 342 2214 siclus
366 2154 418 2215 vel
442 2153 586 2216 sicilicus
600 2154 651 2216 vel
675 2154 808 2238 denique
831 2152 944 2232 sicel.¹

100 2253 232 2316 Sextula
255 2266 345 2317 sexta
366 2259 462 2319 modo
485 2257 567 2319 solet
590 2269 620 2318 et
643 2260 738 2320 modo
761 2257 862 2318 sescla
883 2257 1005 2320 vocari.

99 2357 256 2420 Octavam
279 2359 441 2440 appellant
463 2361 642 2421 drachmam
666 2360 717 2420 vel
740 2358 841 2420 rarius
863 2358 992 2421 holcen.
1037 2363 1098 2424 190

101 2459 145 2522 Et
169 2461 390 2524 duodenariam
414 2463 545 2525 mediam
569 2463 736 2536 †sesolam
762 2460 966 2523 vocitarunt:

95 2561 257 2644 Vigenam
280 2575 425 2648 quartam
448 2565 605 2648 scripulus
627 2586 683 2626 seu
706 2585 845 2648 gramma
868 2574 1037 2628 retentant.

96 2665 189 2728 Unus
210 2665 284 2730 item
306 2669 462 2750 scripulus
484 2669 578 2732 calcis
601 2667 805 2750 componitur
828 2679 922 2742 ουτος

94 2765 268 2830 Dimidium
292 2769 423 2852 scripuli
445 2783 493 2833 est
515 2773 651 2846 obolus3
673 2792 748 2853 pars
771 2782 882 2854 quarta
905 2782 1038 2835 cerates.

100 2871 167 2932 Hic
189 2883 311 2934 sextam
334 2873 411 2957 fingi
433 2873 550 2956 placuit
571 2874 778 2958 siliquamque
801 2859 931 2938 vocari:
1041 2877 1099 2940 195

96 2972 235 3038 Ultimus
258 2987 305 3038 est
329 2976 452 3052 calens,
477 2978 588 3040 ciceris
611 2981 674 3040 duo
698 2977 828 3062 granula
850 2997 998 3056 pensans.

162 3077 199 3138 In
228 3079 293 3144 hoc
324 3101 357 3142 r.
382 3081 456 3144 196.
493 3080 606 3144 desinit
634 3079 808 3165 Angelonii
838 3079 970 3155 Editio,
1001 3079 1043 3142 ita
1067 3095 1101 3146 ut

96 3177 201 3244 absint
222 3182 262 3243 ab
284 3202 321 3244 ea
343 3181 468 3245 dimidia
490 3205 564 3266 pars
587 3207 621 3247 v.
639 3183 713 3246 163.
758 3182 942 3246 Endlicheri
957 3194 989 3246 et
1003 3205 1106 3268 seqqs

96 3304 155 3346 vv.
181 3282 255 3348 208.

118 3459 120 3464 .
148 3425 224 3486 (186)
243 3431 282 3475 Sic
300 3438 412 3488 corrupte
431 3433 491 3479 Cod.
511 3434 706 3493 -Angelonius
725 3439 808 3478 contra
825 3439 929 3478 metrum
946 3439 1005 3478 stat.
1039 3436 1100 3479 For-

95 3505 178 3546 tasse:
211 3500 354 3550 Dimidium
377 3509 473 3556 statne,
504 3517 534 3548 ac
557 3503 686 3549 eernuncic
704 3503 812 3558 dicitnr,
832 3506 896 3548 einr.
944 3502 1018 3559 (191)
1034 3505 1099 3566 Lege

93 3573 214 3617 nesciam.
251 3569 324 3630 (193)
342 3573 405 3632 Lege
424 3571 530 3620 adelch.
557 3571 630 3632 (196)
648 3569 734 3617 Hinc?
770 3573 841 3629 (196)
859 3574 923 3634 Lege
942 3571 1069 3619 chalene-
1089 3601 1099 3612 -

89 3639 207 3700 pendens
224 3643 261 3686 vel
276 3655 401 3700 pensans.
450 3644 563 3688 Ceterum
580 3647 605 3689 et
621 3657 658 3687 vv.
681 3641 807 3692 98-189,
826 3646 888 3704 Aug.
925 3639 1040 3702 Signifer
1059 3669 1069 3680 -
1088 3671 1098 3682 -

94 3712 183 3756 ethos
203 3724 226 3756 v.
249 3709 395 3758 177-196.
427 3713 457 3758 ab
484 3715 578 3759 homine
597 3713 741 3758 scholastico
759 3715 905 3759 Prisciencis
924 3718 1017 3758 assutos
1035 3714 1099 3758 arbi-

92 3787 164 3826 tror:
195 3786 259 3829 certe
283 3784 432 3838 posteriores
450 3785 474 3832 tn·
492 3798 584 3830 meram
603 3787 722 3831 continent
742 3778 935 3856 ποιροὶφρασιὶ1
958 3797 980 3830 s.
1000 3782 1099 3841 arnpllfi·

94 3853 216 3900 cntionem
233 3865 272 3900 rr.
293 3849 335 3900 tt.
355 3867 423 3915 seqq.
539 3851 542 3858 '
