2752 4718
54 497 174 559 Omnes
197 492 336 562 scierunt
358 495 516 560 numinum
538 499 745 584 praesentiam

53 597 131 660 Vati
153 597 274 662 dedisse
297 596 393 661 vitem
416 599 570 664 mercedis
592 601 681 668 loco.

488 819 619 881 [xxvi]

386 967 508 1032 meus
529 952 702 1050 noenu.

94 1107 274 1190 Supersunt
296 1105 372 1170 uiui
392 1129 473 1192 quae
494 1107 646 1186 soribarn,
671 1111 727 1174 sed
748 1129 849 1194 pereo
871 1109 991 1177 sciens:

51 1210 194 1274 Primum
217 1230 285 1272 esse
306 1208 424 1274 tibine
445 1210 555 1276 videar
574 1211 764 1290 molestior,

52 1310 225 1396 Distringit
246 1332 340 1395 quem
362 1313 528 1376 multarum
549 1335 657 1378 rerum
680 1314 839 1391 verietas3

50 1413 135 1478 Dein
155 1413 182 1476 si
204 1414 274 1498 quis
296 1416 404 1478 eadem
426 1415 513 1479 forte
534 1416 648 1481 conari
670 1417 767 1494 velit,

52 1517 182 1579 Habere
203 1527 238 1580 ut
259 1516 363 1599 possit
384 1517 503 1602 aliquid
524 1518 632 1601 operis
653 1519 795 1584 residui:

51 1617 203 1700 Qrunmvis
225 1619 374 1683 materiae
395 1631 482 1682 tenta
503 1623 642 1684 abundet
662 1620 776 1702 eopia,

50 1721 174 1784 Labori
193 1721 285 1784 inber
303 1732 338 1785 ut
359 1721 464 1799 desit,
488 1743 553 1787 non
573 1723 668 1787 fabro
690 1723 797 1786 labor.

50 1822 206 1888 Brevitati
226 1837 355 1888 nostrae
377 1824 547 1908 proemium
566 1835 601 1888 ut
622 1827 755 1900 reddas,
779 1835 880 1909 peto,
947 1879 949 1884 .
973 1861 975 1870 ν

53 1927 147 2007 Quod
167 1947 201 1988 es
224 1927 404 2009 pollicitus:
429 1925 544 1991 exhibe
567 1926 657 1991 vocis
679 1928 786 1992 iidem.

54 2030 134 2092 Item
155 2029 220 2092 vite
243 2029 340 2094 morti
360 2030 497 2114 propior
518 2041 566 2094 est
587 2029 748 2115 quotidie:
918 2067 920 2075 ,
1009 2036 1050 2098 10

53 2262 99 2312 duo
115 2281 183 2312 erm.
219 2264 274 2324 (23)
293 2263 446 2328 dffliuentee]
473 2268 527 2323 Sic,
552 2269 573 2314 si
597 2269 694 2316 silentio
717 2269 788 2314 vine.
810 2273 833 2315 et
855 2267 955 2330 Bergeri
976 2267 1050 2328 fides,

52 2337 80 2382 P.
98 2337 128 2382 R.
139 2342 201 2382 tom
217 2336 248 2382 N.
269 2339 302 2393 (in
321 2351 368 2396 quo
389 2335 487 2396 excepti
502 2338 594 2389 syllaba
608 2334 665 2400 drffl
678 2367 685 2383 .
700 2369 707 2384 .
722 2367 730 2384 .
750 2345 895 2384 evanuerunt
906 2343 952 2386 duo
970 2343 1053 2386 uitiuru

52 2407 118 2452 huius
135 2420 220 2452 versu
237 2404 334 2465 verbe.)
353 2409 379 2456 S.
398 2431 431 2442 -
449 2407 585 2470 defluentes
596 2421 620 2464 p.
657 2404 744 2466 (ibid.)
762 2404 918 2468 diffluentes,
937 2407 1052 2469 corpore]

53 2477 139 2522 Sebed'.
178 2479 205 2521 S.
247 2475 348 2522 innuetl.
388 2499 422 2511 -
457 2473 598 2538 dffluerrtee
632 2489 739 2535 corporo
779 2477 809 2526 P.
846 2479 877 2526 lt.
917 2493 941 2536 p.
972 2481 1051 2526 Bentt.

53 2547 113 2594 Zeti.
146 2545 295 2591 Adversntur
329 2546 378 2591 'boe
417 2545 520 2608 Pbeedri
557 2547 623 2591 stiio.
672 2543 725 2602 (et)
756 2565 789 2580 ω-
834 2559 914 2605 supra
943 2551 1052 2608 speeiem

53 2616 82 2661 tt.
101 2617 146 2672 (·-
164 2616 260 2661 cerroto
279 2615 309 2660 tt.
328 2616 359 2660 P.
378 2616 423 2661 iiie
446 2629 460 2660 e
483 2629 520 2672 pr.
542 2613 590 2674 nn.)
638 2613 696 2672 (26)
720 2613 845 2674 provocet]
864 2617 895 2661 Ν.
920 2631 944 2673 p.
972 2621 999 2664 s.
1018 2640 1052 2654 --

49 2691 183 2743 provocent
199 2686 228 2730 P.
247 2686 279 2730 tt.
325 2682 377 2742 (26.
403 2690 427 2730 et
445 2683 490 2743 27)
518 2687 607 2730 omittit
626 2684 670 2730 bos
696 2687 755 2730 duos
777 2696 815 2729 rr.
839 2685 869 2730 tt.
895 2688 1052 2742 probabiliter
1098 2707 1100 2712 ·

52 2761 148 2812 propter
166 2755 248 2803 turbes
266 2753 326 2800 cdd.
351 2757 431 2800 stetim
459 2757 583 2800 uotnudss.
630 2751 688 2811 (28)
710 2751 852 2813 promorat]
874 2753 905 2800 N.
929 2771 953 2812 ρ.
972 2759 998 2802 S.
1018 2779 1051 2790 -

49 2830 205 2882 promoveret
221 2825 253 2869 P.
275 2825 305 2870 R.
326 2824 400 2880 (non:
432 2829 556 2879 mereret,
586 2825 625 2883 qni
653 2829 689 2869 est
708 2837 778 2868 error
796 2822 867 2867 Gudii
885 2824 909 2867 in
926 2825 1053 2871 referenda

52 2897 168 2950 scripturn
187 2893 232 2940 Cd.
251 2893 333 2950 Rem.)
352 2894 464 2940 Ceterum
480 2895 505 2940 in
522 2895 553 2940 P.
572 2895 603 2939 tt.
623 2893 761 2948 transpositi
778 2897 834 2937 sunt
848 2905 886 2936 π.
904 2893 928 2940 bi
941 2897 987 2939 duo
998 2896 1050 2943 sict

55 2963 94 3010 28.
115 2963 196 3010 Unum
214 2987 247 2998 -
267 2961 307 3010 27.
326 2957 413 3010 Homo.
450 2960 510 3023 (29)
528 2985 564 2997 -
581 2963 664 3008 Ruina
681 2963 768 3006 domus
790 2962 821 3007 tt.
846 2964 991 3021 glossemate
1008 2977 1051 3010 vo·

52 3035 125 3080 cebuii
149 3047 235 3091 perum
267 3035 391 3080 intellecti.
431 3031 487 3091 (30)
505 3051 540 3068 «-
557 3033 668 3092 repperti
692 3033 722 3077 tt.
746 3033 778 3077 P.
797 3032 846 3086 (bie
864 3046 878 3076 e
897 3046 934 3086 pr.
956 3031 1052 3092 meno.)

53 3101 105 3160 (³2)
123 3125 157 3138 -
176 3101 271 3148 Omnes
289 3103 412 3152 dixerunt
428 3103 459 3149 tt.
481 3115 510 3148 ex
528 3105 640 3160 interpot.
660 3104 702 3158 (-
720 3101 848 3146 nominum
865 3101 909 3154 tt.)

101 3173 200 3219 XXVI.
219 3173 289 3227 „iios
308 3187 391 3219 reeens
407 3175 436 3218 sd
450 3175 540 3219 enicem
557 3171 624 3218 Libri
643 3175 707 3218 tertii
725 3173 861 3217 reiecerunt
877 3172 982 3216 editores
1000 3167 1052 3228 (re-

53 3245 168 3288 centiores
193 3244 219 3290 S.
241 3239 320 3304 eeu.)
340 3247 366 3287 ut
383 3241 529 3303 epilogum.·'
545 3243 622 3288 Bene.
660 3241 698 3300 (2)
715 3243 754 3286 Sic
777 3241 807 3286 P.
826 3242 857 3285 R.
878 3238 961 3287 Nerei.
981 3240 1052 3286 Brot.

54 3325 91 3357 um
104 3315 127 3360 in
140 3313 257 3371 primum
273 3313 298 3357 b.
318 3313 336 3358 Ι.
359 3326 406 3358 non
425 3315 529 3359 eliditur.
548 3321 587 3359 oo
603 3325 702 3357 essene
718 3312 763 3356 tibi
782 3325 806 3367 p.
827 3312 900 3367 (non:
929 3308 974 3353 tibi
996 3323 1052 3354 erre

53 3395 81 3426 ue
97 3397 118 3430 ν.
132 3379 212 3439 Gud.)
230 3383 315 3444 linrpu
333 3383 360 3427 S.
395 3379 436 3440 (3)
454 3379 597 3442 distringit]
616 3383 699 3426 surm.
719 3383 745 3426 S.
765 3405 797 3415 -
815 3379 953 3440 destringit
969 3379 999 3424 P.
1019 3379 1051 3424 tt.

53 3464 75 3506 p.
109 3451 149 3510 (t)
168 3475 203 3488 -
222 3465 313 3496 cornere
332 3453 362 3497 P.
392 3465 417 3511 g.
466 3451 504 3506 (6)
522 3447 654 3509 materiae]
671 3465 696 3506 p.
723 3452 750 3495 S.
780 3471 813 3484 a·
842 3456 948 3494 uetssroe
971 3449 1001 3492 P.
1019 3449 1049 3492 lt.

53 3519 89 3578 (7)
105 3543 139 3558 a·-
158 3522 256 3567 Ieboris
273 3523 304 3566 P.
320 3536 334 3566 e
352 3535 402 3566 see.
422 3535 455 3566 un.
493 3520 531 3579 (8)
546 3542 578 3556 -
594 3518 727 3580 Brevitati]
746 3521 847 3565 Sebues.
870 3517 952 3564 Burin.
971 3519 997 3562 S.
1017 3539 1052 3554 -

52 3591 175 3637 brevitatis
192 3592 223 3638 P.
243 3591 272 3635 lt.
293 3605 317 3648 p.
355 3586 444 3652 (ibid.)
458 3589 611 3650 proemium]
630 3604 654 3645 p.
678 3591 704 3634 S.
723 3609 758 3624 -
775 3590 881 3634 nimium
897 3590 927 3633 P.
947 3588 1051 3642 „Primo

51 3663 124 3706 sotum
142 3661 307 3716 eremium,
337 3663 489 3716 superaddite
512 3662 595 3706 deiude
619 3660 752 3704 minoribus
777 3660 863 3704 litteris
886 3657 978 3713 syttebe
998 3657 1051 3700 rui.”

51 3731 123 3776 Bene.
162 3731 259 3790 (Deli.
278 3733 400 3776 nonsatis
421 3736 521 3776 constet.
559 3731 604 3774 Sed
630 3731 723 3778 videtur
741 3735 822 3774 reetee
839 3728 935 3773 lectioni
948 3723 1049 3780 ferere.)

52 3801 86 3847 (9)
114 3823 150 3838 ··-
180 3800 256 3846 exibe
281 3801 310 3845 P.
360 3795 418 3859 (10)
445 3819 474 3833 ···
495 3800 616 3858 proprior
641 3799 671 3845 P.
704 3801 747 3856 (z
778 3797 869 3842 cotidie
897 3797 927 3844 Ρ.
956 3796 987 3839 R.
1011 3801 1050 3850 p.)

51 3865 104 3930 (11)
120 3867 260 3930 perveniet]
279 3869 361 3915 Ursin.
381 3872 407 3916 S.
427 3893 460 3904 —
478 3871 558 3914 reniet
574 3870 604 3914 P.
623 3869 653 3913 tt.
672 3881 697 3924 p.
734 3865 789 3922 (13)
806 3887 835 3904 -
853 3867 917 3912 seito
934 3866 964 3910 P.
983 3877 1047 3919 apr.

52 3951 144 3990 iueunud¹
176 3939 234 4000 (tt)
262 3938 361 3998 cepero]
382 3940 498 3985 Rittersb.
518 3941 543 3984 S.
569 3956 601 3973 ·-
620 3949 723 3996 coepero
740 3935 769 3985 Ρ.
789 3937 819 3980 tt.
838 3949 862 3992 p.
882 3937 965 3980 iterent
1002 3935 1050 3978 Sed

52 4012 126 4056 eunte
160 4006 198 4056 bie
235 4009 373 4056 libertinum
404 4011 543 4064 bourinem,
585 4009 711 4088 &Theodori
743 4006 872 4052 Prodi-osni
902 4006 926 4049 in
955 4003 1050 4048 Corone
