2816 4716
1047 369 1087 430 15

99 513 211 576 Grave
230 504 349 575 crimen
371 508 465 575 etiam
484 508 602 574 leviter
624 533 695 574 cum
717 521 765 575 est
787 509 905 575 dictum
928 518 1036 575 nocet.

94 617 171 678 Heu
193 635 288 700 quam
310 613 455 706 difficilis
477 613 603 699 gloriae
626 609 772 678 custodia
792 626 852 678 est.

93 719 209 784 Homo
229 727 321 782 extra
343 737 464 800 corpus
482 739 571 780 sunm
592 728 652 782 est.
672 740 742 781 cum
765 707 929 787 irascitur.

601 823 663 878 nir}
683 832 759 872 tutum
777 832 843 882 putat

93 891 170 954 Heu
186 910 281 975 quam
297 899 344 953 est
358 887 515 954 timendus
532 888 587 975 qui
603 912 745 956 amorem
758 902 845 954 tuum
861 900 965 973 putat.¹
1039 969 1045 976 .

87 972 205 1058 Homo
222 990 325 1078 quiin
341 991 470 1056 homine
486 993 672 1058 calamitoso
686 1004 734 1057 est
747 991 945 1058 misericors.
963 1015 1029 1058 mc-

644 1096 735 1160 minit
757 1097 818 1160 sui.
1025 1099 1086 1160 160

93 1201 242 1264 Honesta
263 1197 431 1281 turpitudo
454 1209 515 1263 est.
539 1199 624 1265 mori
640 1222 703 1284 pro
728 1221 821 1264 causa
843 1201 942 1265 bona.

93 1303 205 1366 Habet
219 1300 252 1363 in
268 1300 412 1366 adversis
428 1301 559 1368 auxilia.
582 1302 638 1389 qui
656 1303 689 1368 iu
701 1302 848 1367 secundis
866 1295 1062 1376 commodaf.

92 1402 1085 1496 Heuquammiserumestlaediabeodeqnononpossisqueri.
1131 1385 1135 1399 ⁴

91 1505 266 1571 Hominem
288 1506 433 1588 experiri
452 1507 549 1572 multa
570 1520 741 1592 paupertas
762 1509 864 1574 iubet.

93 1611 169 1673 Heu
186 1631 250 1694 pro
274 1609 384 1675 dolor.
409 1633 503 1696 quam
527 1609 704 1686 miserest.
729 1611 784 1698 qui
806 1611 838 1675 in
855 1625 1020 1678 tormento

651 1735 765 1778 vocem
782 1736 848 1780 non
867 1718 977 1780 hahet.
1025 1716 1085 1780 165

92 1818 168 1881 Heu
184 1838 279 1902 quam
293 1815 391 1880 multa
406 1815 600 1899 poenitenda
614 1816 821 1883 incurrantur
837 1817 979 1884 vivendo
996 1817 1062 1883 din.

91 1921 167 1986 Heu
186 1941 282 2005 quam
301 1918 452 1984 miserum
472 1931 520 1984 est
535 1920 659 1985 discere
680 1919 816 1986 servire.
834 1920 892 1984 nbi
906 1919 951 1986 sis
971 1923 1086 2003 dpctus

647 2023 818 2089 dominari.
1030 2017 1040 2038 ’
1131 2009 1142 2022 ’

1 2166 12 2189 .
92 2127 204 2191 Habet
226 2147 317 2190 sunm
334 2147 491 2190 venenum
512 2127 630 2191 blanda
651 2127 772 2193 oratio.
815 2170 819 2180 ι

91 2231 205 2296 Homo
225 2227 343 2293 totiens
363 2229 514 2294 moritur.
539 2229 690 2316 quotiens
711 2230 827 2320 amittit
845 2252 934 2296 suos.

93 2335 208 2406 Homo
221 2353 346 2415 semper
359 2331 444 2394 aliud
458 2331 753 2408 fueritinalterum.
771 2333 856 2396 aliud
871 2332 1008 2418 cogitat.
1024 2334 1088 2400 170

91 2419 260 2500 Honestus
281 2456 394 2499 rumor
417 2432 550 2498 alterum
573 2445 621 2496 est
643 2433 883 2517 patrimonium.

91 2539 206 2604 Homo
225 2559 274 2601 ne·
286 2536 327 2601 sit
348 2535 416 2601 sine
437 2537 566 2601 dolore.
589 2537 753 2601 fortunam
772 2536 908 2602 invenit.

92 2713 221 2758 delendum
239 2713 287 2757 erit
304 2711 360 2756 sub.
396 2707 468 2768 (153)
488 2721 520 2756 =
541 2664 652 2757 2531).
678 2723 710 2756 =
734 2709 792 2760 289.
811 2715 841 2758 Β.
878 2709 952 2768 (151)
972 2722 1005 2760 =
1025 2709 1086 2760 258.

1 2805 4 2810 ·
92 2784 126 2828 0.
149 2793 181 2826 =
209 2779 268 2827 283.
285 2782 315 2826 Β.
347 2805 381 2816 -
414 2787 452 2826 ert
471 2781 591 2826 inaniens
613 2783 656 2841 qui
676 2783 708 2828 O.
741 2807 774 2817 —
805 2784 926 2829 initnicue
944 2790 982 2828 eat
997 2783 1040 2846 qui
1055 2786 1086 2829 B.

92 2850 167 2913 (155)
185 2863 216 2896 =
236 2849 296 2897 251.
314 2850 346 2897 0.
372 2862 404 2895 =
422 2848 483 2896 287.
503 2852 532 2895 Β.
576 2849 649 2910 (156)
672 2865 704 2898 .·:
726 2850 786 2901 253.
808 2852 840 2901 0.
865 2865 897 2898 =
920 2851 980 2900 281.
1000 2855 1030 2899 Β.
1049 2863 1089 2902 ω

91 2923 188 2970 dietum
207 2927 246 2966 eat
263 2921 316 2970 OB.
354 2918 481 2980 (157)=
504 2918 565 2966 259.
580 2922 612 2970 0.
635 2933 668 2966 =
690 2919 749 2970 296.
763 2924 792 2968 Β.
830 2919 905 2982 (158)
927 2934 959 2968 =
982 2921 1086 2969 att.0.
1163 2919 1168 2936 ⁶

94 3004 128 3038 ε
152 2989 211 3038 302.
231 2993 261 3037 Β.
281 3001 320 3040 oo
340 2998 379 3036 eat
398 3004 473 3035 auum
491 2989 543 3038 ΟΒ.
615 2990 690 3052 (159)
719 3003 751 3037 =
772 2989 832 3040 270.
853 2999 885 3037 υ.
913 3004 945 3036 .·.
973 2991 1033 3038 297.
1055 2994 1087 3038 Β.

90 3063 202 3110 flahent:
223 3062 266 3122 qui
286 3061 353 3106 mora'
378 3067 456 3105 tutum
471 3066 555 3118 putat.
628 3058 705 3121 (160)
727 3073 759 3108 .·.·-
782 3060 842 3111 816.
859 3063 891 3108 0.
920 3073 952 3108 =
980 3059 1038 3109 953.
1056 3064 1089 3110 Β.

91 3131 166 3192 (161)
183 3142 216 3176 =
238 3129 298 3178 803.
319 3130 400 3176 0..=
423 3127 482 3177 951.
499 3131 528 3176 Β.
556 3140 595 3180 mo
625 3130 673 3177 Eat
693 3131 798 3178 ltonerta
817 3131 945 3191 turpitudo
958 3132 1089 3192 protono

90 3215 174 3248 ennea
194 3203 261 3246 mori
276 3201 328 3246 ΟΒ.
366 3198 442 3260 (162)
463 3210 495 3244 =
517 3198 577 3248 811.
597 3200 628 3248 0.
644 3213 676 3246 =
694 3201 752 3249 959.
767 3204 796 3246 Β.
833 3199 907 3261 (163)
926 3213 958 3246 =
981 3201 1041 3248 811.
1054 3202 1086 3248 0.

93 3284 129 3319 =
151 3269 211 3318 961.
230 3273 260 3316 Β.
298 3272 325 3316 111
348 3271 409 3316 Cod.
429 3272 488 3316 Bas.
502 3284 540 3314 vv.
555 3269 585 3313 ab
599 3285 671 3316 eo·-
685 3299 694 3310 ·
709 3274 782 3332 queri
800 3271 829 3315 ab
845 3275 893 3317 alia
911 3285 983 3318 manu
997 3273 1088 3328 scripta

90 3346 159 3390 cunt.
180 3361 214 3374 -
232 3339 264 3384 ab
276 3355 305 3386 eo
316 3340 385 3386 laedi
405 3367 415 3378 ·
434 3342 507 3386 nuria
525 3339 556 3386 Ο.
574 3351 606 3384 =
625 3341 694 3386 laedi
709 3343 740 3386 αὸ
758 3341 927 3388 tuo-muria
945 3344 975 3392 Β.
1012 3339 1087 3402 (161)

93 3425 128 3459 =
152 3407 212 3456 272.
230 3412 261 3457 0.
287 3423 319 3456 .·.·
344 3409 404 3474 299.
424 3412 453 3456 Β.
507 3408 582 3466 (165)
603 3421 635 3454 =
660 3411 719 3458 812.
740 3413 771 3457 Ο.
795 3423 827 3456 =
848 3410 907 3459 960.
933 3413 962 3457 Β.
979 3411 1088 3460 eoliae

90 3483 166 3529 dolor
185 3479 237 3526 OB.
257 3491 393 3529 ovantem
409 3483 452 3542 qui
468 3481 525 3526 t'nt.
547 3495 573 3526 n.
590 3478 615 3526 lt.
633 3483 662 3526 B.
699 3479 772 3540 (165)
791 3492 823 3525 .·.
841 3479 900 3528 815.
918 3482 950 3530 0.
972 3494 1003 3527 =
1026 3480 1085 3528 962.

89 3555 122 3600 Β.
143 3561 181 3598 eo
199 3551 336 3598 incurrunt
347 3552 454 3598 cicentes
467 3551 510 3596 diu
523 3551 555 3597 0.
576 3575 601 3584 -
621 3549 676 3596 Heu
694 3565 768 3612 quarn
781 3551 935 3610 poenitenda
953 3554 1087 3596 incurrunt

89 3623 171 3670 mutto
189 3620 297 3667 cicentes
310 3621 358 3683 dtu*
372 3622 400 3666 Β.
439 3619 560 3676 (16712
582 3619 641 3666 813.
666 3622 696 3667 0.
718 3623 758 3677 (B.
770 3636 794 3678 p.
807 3613 880 3677 261.)
898 3647 931 3657 ——
950 3622 992 3666 ubt'
1007 3622 1086 3670 donat-

88 3692 153 3741 nnrt'
170 3688 258 3737 doetus
273 3708 300 3737 u
317 3691 349 3739 O.
387 3688 460 3745 (158)
485 3703 516 3738 .·“-
538 3689 597 3736 265.
618 3692 648 3736 0.
677 3703 708 3734 =
729 3689 789 3738 291.
808 3694 837 3738 Β.
876 3691 950 3748 (169)
972 3703 1003 3735 =
1024 3689 1084 3736 277.

89 3765 123 3810 O.
148 3771 180 3805 Ξ
202 3757 261 3808 305.
281 3764 311 3808 Β.
384 3757 455 3815 (170)
477 3773 508 3808 .·-
527 3759 587 3806 276.
606 3768 629 3807 et
645 3759 704 3807 817.
722 3762 753 3810 0.
771 3764 848 3820 (Β.’ρ.
864 3759 935 3816 235.)
953 3785 985 3796 ·-
1007 3760 1086 3806 Homo

88 3845 192 3892 seraper
210 3833 235 3878 in
255 3847 284 3878 oa
297 3829 357 3892 sert
374 3829 462 3885 aliud,
483 3831 554 3876 aliud
570 3834 666 3892 cogitat
684 3832 715 3877 0.
734 3847 757 3878 v.
782 3829 841 3878 276.
868 3856 900 3866 -
919 3830 998 3875 Homo
1020 3845 1084 3876 eenr-

84 3917 137 3965 μιν
154 3899 226 3948 uliud
238 3899 297 3962 sen
314 3905 341 3946 t'n
360 3914 405 3956 m
424 3901 451 3944 t'n
471 3902 580 3946 alterum
598 3901 670 3950 ettad
687 3905 784 3963 cogitat
801 3902 833 3947 0.
853 3917 876 3948 v.
897 3899 957 3946 817.
1013 3895 1085 3957 (171)

92 3985 126 4022 ·.“·-
145 3967 206 4020 283.
220 3972 252 4018 0.
266 3983 298 4019 =
312 3969 371 4018 ³13.
384 3973 414 4017 Β.
436 3992 465 4004 -
487 3976 526 4016 eet
543 3972 651 4018 alterum
667 3973 715 4030 O.,
732 3987 779 4018 uon
794 3974 824 4017 B.
874 3969 948 4028 (172)
970 3981 1002 4015 =
1024 3968 1083 4018 275.
