2752 4718
70 473 275 556 Romamque
297 478 521 552 pertraxerunt
543 477 582 537 ad
603 479 827 540 centumviros.

70 574 220 657 Maligna
242 573 397 664 insolitem
420 576 566 658 deprimit
588 578 745 660 suspicio,
889 643 893 654 ,

70 676 171 755 Quod
192 678 279 740 bona
299 676 471 756 possideat.
516 681 606 742 Stant
628 680 753 762 patroni
774 680 902 745 sortiter
977 749 981 754 ,

71 777 213 842 Causam
235 790 358 842 tuentes
379 779 553 844 innocentis
575 769 722 846 feminae.

117 881 150 943 A
172 864 260 944 Divo
280 883 431 966 Augusto
453 892 528 946 tuno
549 883 669 965 petiere
691 883 830 964 iudices,

71 983 121 1047 Ut
143 983 306 1046 adiuvaret
327 983 404 1047 iuris
427 985 548 1048 iurandi
568 986 679 1063 iidem,
769 1041 771 1046 .

74 1085 215 1165 Quando
236 1085 324 1168 ipsos
346 1107 438 1150 error
460 1085 666 1169 implicuisset
688 1087 841 1153 criminis.

73 1188 142 1268 Qui
163 1199 330 1271 postquam
353 1192 500 1253 tenebras
522 1190 649 1272 dispulit
671 1190 842 1256 calumniae

77 1290 276 1376 Certumque
296 1292 415 1356 fontem
439 1291 579 1356 veritatis
600 1293 764 1376 repperit,

73 1395 180 1469 Luat,
205 1393 331 1478 inquit,
351 1416 470 1477 poenas
492 1418 585 1458 catrsa
608 1396 748 1460 libertus·
763 1397 847 1460 mali.

74 1499 222 1581 Namque
245 1500 355 1561 orbam
377 1510 453 1563 nato
475 1499 564 1562 simul
589 1509 621 1562 et
642 1497 798 1580 privatam
823 1499 894 1564 viro

75 1599 292 1663 Miserandam
314 1599 532 1683 potiusquam
555 1603 757 1662 damnandam
780 1601 948 1669 existimo..

77 1704 174 1783 Quod
196 1702 223 1765 si
244 1703 346 1766 delata
366 1713 581 1785 perscrutatus
603 1689 733 1768 crimina

77 1793 435 1886 Paterfamilias-esset,
459 1805 486 1868 si
509 1804 702 1868 mendacium

78 1907 242 1971 Subtiliter
263 1907 417 1982 limasset,
442 1928 458 1968 a
480 1907 638 1971 radicibus

79 2012 153 2074 Non
177 2009 343 2074 evertisset
364 2009 481 2074 scelere
502 2011 628 2075 funesto
651 2011 791 2074 domum.
952 2065 957 2072 ,
1029 2015 1070 2078 50

119 2113 174 2176 Nil
196 2123 326 2196 spernat
347 2111 447 2188 auris,
469 2134 527 2176 nec
547 2125 652 2177 tamen
673 2116 781 2178 credat
802 2113 923 2179 statim:
1059 2197 1062 2206 ‚

81 2214 343 2299 Quandoquidem
366 2225 397 2278 et
417 2213 463 2278 illi
484 2227 636 2296 peccant,
660 2237 741 2299 quos
764 2217 887 2282 minime
908 2230 1019 2302 putes,

79 2321 121 2382 Et
141 2317 197 2403 qui
219 2339 281 2382 non
304 2329 433 2400 peccant
455 2317 679 2403 impugnantur
699 2318 876 2384 frattdibus.

119 2424 196 2485 Hoc
219 2423 388 2484 admonere
409 2419 568 2502 simplices
590 2422 681 2485 etiam
703 2433 828 2503 potest,
863 2450 867 2464 ·

83 2523 241 2606 Opinione
254 2523 392 2586 'alterius
413 2545 452 2585 ne
474 2523 548 2607 quid
569 2526 766 2605 ponderenta
1030 2525 1070 2588 55

82 2626 224 2690 Ambitio
246 2646 380 2710 namque
401 2625 552 2690 dissidens
574 2625 752 2690 mortalium
1036 2629 1039 2636 ’

84 2731 146 2792 Aut
169 2727 290 2814 gratiae
312 2729 482 2800 subscribit
504 2741 557 2791 aut
579 2729 653 2793 odio
675 2749 747 2792 suo.

83 2831 151 2894 Erit
171 2831 225 2894 ille
247 2843 357 2908 notus,
382 2855 482 2915 quom¹
497 2853 556 2914 per
578 2813 609 2894 te
631 2831 837 2914 cognoveris.

121 2929 212 3005 Haeo
233 2947 397 2997 exsecutus
419 2957 485 2996 sum
510 2945 682 3015 propterea
703 2932 865 3015 pluribus,

85 3037 244 3102 Brevitate
267 3035 359 3099 nimia
382 3035 529 3120 quoniam
551 3038 704 3119 quosdam
726 3035 925 3126 offendimuss
1033 3037 1073 3099 60

83 3287 114 3330 ita
132 3287 154 3332 ln
173 3299 244 3331 onum
274 3285 368 3330 conflati
396 3291 465 3330 sunt:
497 3283 556 3346 Qui,
567 3291 698 3344 postquam
714 3280 813 3345 satutem
837 3283 954 3341 curuatis!
968 3285 1070 3342 reperit.

83 3351 138 3412 (ll)
156 3381 187 3390 -
202 3369 299 3414 poenas
313 3355 441 3414 pessimus
458 3355 562 3400 libertus
582 3355 611 3399 ll.
656 3353 712 3413 (45)
732 3365 764 3400 =
784 3367 815 3397 ar
828 3368 871 3412 pr.
891 3353 921 3402 N.
957 3352 1014 3413 (ll)
1032 3354 1073 3399 de-

84 3423 144 3484 lato]
161 3427 243 3470 Bnrm.
264 3427 378 3484 Heusing.
398 3425 424 3470 S.
445 3445 478 3461 -
496 3425 588 3469 Firmat
604 3425 750 3482 aliquatenus
771 3423 818 3468 N.:
838 3448 871 3458 -
889 3423 997 3470 delutum
1014 3423 1074 3468 banc

85 3501 209 3540 scrutatur
227 3496 332 3540 crimen.
351 3515 386 3532 ι-
403 3493 547 3539 damnando
563 3495 594 3539 P.
613 3494 643 3538 ll.
662 3509 686 3550 p.
705 3513 739 3528 -
758 3489 868 3552 nefanda
879 3495 996 3547 Anonymi
1006 3507 1071 3548 susp.

84 3561 141 3617 (ts)
164 3560 363 3624 detersama'lt'ca]
391 3563 424 3608 tt.
449 3577 473 3620 p.
501 3565 527 3609 S.
556 3585 584 3596 -
612 3559 801 3622 Paterfamilias
823 3563 853 3610 Ρ.
883 3561 931 3620 (De
954 3563 984 3608 ll.
1011 3563 1072 3608 hand

85 3639 195 3692 conoul.)
231 3633 289 3692 (51)
314 3631 371 3693 Nil]
397 3634 427 3680 ll.
457 3648 479 3689 ρ.
507 3633 532 3678 S.
553 3631 676 3692 -lttttu
692 3633 721 3678 Ρ.
746 3631 776 3678 ll.
824 3629 881 3688 (52)
899 3651 933 3667 -
946 3637 1023 3690 putea
1041 3631 1071 3676 ll.

84 3699 141 3759 (ὀί)
158 3727 177 3737 ·-
201 3716 341 3750 ammonere
358 3705 388 3752 P.
407 3705 437 3748 ll.
456 3717 480 3759 p.
517 3701 575 3760 (5⁵)
593 3701 773 3760 Opiniouelll.
790 3701 820 3746 P.
840 3703 866 3747 8.
887 3723 920 3736 -
937 3700 1073 3760 Opuntem

85 3786 110 3827 p.
146 3771 230 3828 (trid.)
248 3788 278 3818 ne
301 3773 362 3833 quid
373 3770 522 3832 ponderent]
541 3769 626 3817 Nescio
646 3774 684 3832 qui
700 3773 790 3827 primus
809 3772 844 3816 sie
864 3772 1003 3817 emendarit.
1041 3771 1074 3813 Αι

85 3833 218 3900 lligaltins?
242 3843 362 3889 Tribuunt
387 3843 495 3890 lleinaio.
531 3844 576 3886 Sed
604 3847 640 3886 est
660 3843 752 3900 iamin
771 3843 807 3885 ed.
827 3841 901 3889 satri
921 3837 995 3884 1⁶⁶4.
1018 3842 1072 3882 ets

85 3915 231 3958 correctione
260 3916 331 3958 etiam
355 3915 379 3958 ln
406 3914 436 3957 ll.
456 3937 488 3946 -
506 3925 536 3955 ue
553 3912 609 3970 quia
633 3911 754 3969 ponderet
770 3911 799 3954 P.
819 3911 849 3954 ll.
869 3923 937 3965 apr.
959 3922 991 3956 nt.
1012 3912 1072 3952 teste

86 3983 155 4026 Vino.
174 3997 198 4040 p.
215 3983 259 4041 (·-
279 3997 310 4029 ue
327 3985 369 4043 qut
382 3981 517 4043 sponderet
526 3982 556 4026 ll.
571 3986 630 4028 teste
640 3979 742 4038 Gndio.)
759 3975 819 4039 (bi)
831 3989 862 4023 =
877 3983 1028 4038 assequutus
1040 3977 1071 4022 ll.
