2752 4718
66 496 118 559 Id
140 517 236 580 quum
260 495 345 558 forte
369 495 522 558 meretrix
544 497 568 570 †
591 495 671 559 ridet
695 487 844 572 validius,

67 600 168 662 Ν.
186 599 396 680 ..reple..
414 600 581 675 .humor,
606 612 653 662 nt
662 601 732 664 lieri
752 602 847 664 solet.

66 703 163 765 E..
154 721 314 792 ,ngere.
306 723 499 784 .g....s
517 745 639 766 .....
664 702 1006 770 ns...nditmanu¹
1041 703 1080 768 15

68 804 258 888 Traxitque
282 807 321 866 ad
342 815 459 879 terram
482 805 549 867 nasi
574 805 843 890 ...gitudiuem

68 909 122 970 Et
144 907 175 970 al
192 951 202 971 .
221 951 231 970 .
250 951 260 970 .
282 907 389 970 ridens
411 907 480 992 ipsa
502 909 629 972 ridenda
643 909 785 994 ,exstitit

249 1105 262 1136 ⁰
449 1155 452 1160 ,
491 1109 589 1170 [ree.
614 1109 675 1171 iu]

270 1216 607 1325 'euomsnnnus
629 1263 691 1324 nu
714 1257 881 1326 nonus,

339 1403 393 1464 De
413 1399 557 1464 veritate
578 1413 612 1464 et
633 1401 821 1464 mendacio·

142 1521 228 1586 Olim
252 1523 467 1585 Prometheus
489 1525 514 1598 †
535 1507 652 1586 seculi
654 1521 731 1586 novi
755 1519 872 1607 figulus

73 1624 176 1690 Creta
198 1624 306 1688 subtili
327 1624 507 1688 Veritatem
528 1597 661 1702 sederat,

72 1727 153 1792 Ut
144 1749 213 1814 iura
234 1737 345 1810 posset
367 1727 450 1791 inter
470 1727 616 1794 homines
637 1721 782 1790 reddere.

73 1830 191 1894 Subito
214 1831 386 1893 accersitus
409 1829 520 1894 nuntio
543 1827 650 1915 magni
673 1831 762 1895 Iovis

76 1933 289 1998 Commendat
313 1932 468 2018 officinam
490 1934 595 1996 fallaci
616 1935 725 2011 Dolo,

73 2037 113 2100 In
137 2035 331 2118 disciplinam
355 2058 456 2118 nuper
478 2057 572 2120 quem
594 2049 770 2119 receperat.

74 2140 141 2203 Hie
162 2137 267 2203 studio
291 2157 457 2220 aecensus,
481 2139 562 2204 faeie
584 2139 786 2206 simulacrum
809 2139 897 2224 pari,

75 2244 148 2306 Una
171 2237 307 2319 statura,
332 2241 432 2312 simile
455 2255 485 2306 et
506 2244 657 2307 membris
680 2244 843 2323 omuibus,

75 2347 162 2411 Dum
184 2355 308 2428 tempus
332 2345 458 2423 habuit,
483 2347 595 2410 callida
617 2346 708 2408 linxit
730 2365 836 2410 manu.

76 2451 175 2531 Quod
196 2470 300 2531 prope
320 2447 382 2512 iam
404 2460 504 2514 totum
528 2445 604 2512 mire
627 2471 722 2533 quum
735 2449 883 2531 positum
905 2451 1010 2529 foret,
1043 2453 1084 2514 10

76 2553 197 2616 Lutum
221 2550 264 2614 ad
280 2551 442 2615 faciendos
464 2551 510 2616 illi
533 2551 649 2616 deiecit
671 2555 780 2634 pedes.
1130 2547 1133 2554 ’

76 2655 175 2718 Redit
196 2655 370 2740 magister:
395 2677 460 2738 quo
482 2657 507 2731 †
528 2655 694 2720 festinante
716 2656 822 2720 Dolus
898 2656 901 2667 '

76 2757 171 2822 Metu
192 2760 343 2820 turbatus*
360 2758 392 2820 iu
416 2779 474 2822 suo
497 2755 688 2822 seditloeo.

77 2861 205 2924 Mirans
227 2863 441 2926 Prometheus
463 2872 582 2924 tantam
605 2861 855 2938 similitudinem,

77 2965 238 3047 Propriae
261 2963 363 3028 videri
386 2963 489 3027 voluit
510 2963 586 3026 artis
610 2964 758 3048 gloriam.
822 2989 824 2996 ¹

79 3066 184 3149 Igitur
206 3067 331 3131 fornaci
353 3067 474 3149 pariter
485 3067 606 3132 duo
582 3088 672 3150 sigua
693 3067 816 3143 intulit;

82 3168 204 3250 Quibus
226 3169 388 3254 percoctis
412 3183 506 3256 atque
524 3169 629 3236 inluso
652 3171 785 3254 spiritu,

80 3396 162 3445 Num
178 3401 325 3457 repleritl.
346 3401 375 3446 C.
396 3402 425 3446 Z.
452 3399 508 3460 (151
526 3412 564 3449 Ν
579 3359 724 3462 Emungere
741 3402 822 3462 igitur
839 3413 866 3446 te
885 3402 969 3448 nolent
982 3399 1087 3458 prendit

81 3471 193 3516 montel.
215 3472 244 3518 Z.
270 3471 394 3528 (Priorem
413 3485 481 3516 suain
504 3474 567 3517 coni.
610 3471 649 3516 En
667 3479 775 3532 tongent
794 3473 874 3532 igitur
892 3482 919 3516 te
938 3471 1085 3528 imprudens

76 3538 179 3596 prendit
192 3554 270 3586 monn
287 3555 338 3596 ipse
350 3543 434 3586 reiecit
449 3541 532 3598 lanu.)
562 3541 901 3640 (ldloolongitudineml.
922 3543 952 3586 Z.
972 3539 1083 3597 (10619

81 3609 204 3658 etiamn
225 3611 308 3655 Z.-
328 3613 445 3658 oliuml.
1095 3637 1103 3659 s

131 3679 189 3724 Fan.
210 3681 254 3725 lV.
275 3681 311 3737 (1
329 3679 579 3744 waeetetifigulue
597 3681 691 3726 noril.
712 3681 741 3726 G.
762 3681 795 3728 Z.
831 3677 923 3736 (2)ΙΗ
892 3676 1009 3724 Cure
1027 3677 1084 3722 sub

79 3746 165 3794 iilic.
202 3747 293 3807 (1)·
262 3780 293 3794 ...
316 3753 505 3797 areeeeitueZ.
552 3749 605 3808 (12)
623 3750 743 3800 Rediit!
764 3762 802 3798 oo
819 3765 865 3810 quo
878 3747 1085 3809 feretinenterss.

80 3818 111 3861 Ζ.
131 3819 203 3866 Vere.
228 3842 261 3855 -·-
282 3817 425 3879 festinante
453 3833 499 3880 quo
526 3822 546 3866 l.
572 3821 602 3866 C.
648 3819 758 3879 (21)
777 3820 842 3881 quod
857 3817 1030 3880 nequiveritl.
1052 3815 1084 3864 Ζ.-

79 3883 200 3946 (22)-
168 3887 304 3949 -sneile
328 3891 385 3950 quie
407 3891 557 3936 consisteret
574 3892 593 3936 l.
615 3893 644 3936 Ζ.
665 3905 749 3948 parum
766 3891 923 3947 probabiliter
941 3893 1084 3946 utrumque.

80 3970 129 4013 quo
146 3958 195 4006 inre
216 3961 280 4007 euim
298 3975 311 4005 e
330 3962 428 4007 Codicis
444 3963 498 4019 ipre
515 3962 604 4008 facias:
625 3979 658 3996 ⁴-
683 3961 758 4020 quie?
777 3961 897 4005 Sententia
915 3957 1029 4002 hortere
1046 3971 1088 4000 ree

81 4025 154 4083 quirit
167 4031 254 4090 (verbu
274 4045 323 4075 nort
340 4034 467 4087 praestolt
494 4030 559 4090 quod
576 4038 670 4090 negent
690 4028 763 4088 sophi
774 4029 858 4076 ¹Pedes
881 4027 981 4073 dobere.
999 4025 1088 4071 Facile
