2816 4716
1045 377 1086 440 27

101 499 251 580 Quorum
272 521 315 566 ex
328 502 473 591 reliquiis
486 508 622 576 animm
644 533 703 576 uos
726 513 916 596 accipimus,

100 603 180 687 Ego
199 603 352 690 eloquens
372 606 523 692 inpane,
545 612 645 678 sortis
669 615 819 698 proeliis,

101 706 185 770 Arte
212 707 298 772 omni
319 710 471 797 princeps
494 714 578 780 iuter
598 719 744 803 aequales
765 720 825 784 lui.

101 809 154 872 Eu
176 811 427 890 cupctalevitas
445 817 549 900 putris
568 831 599 883 et
619 821 721 887 volito
743 823 839 892 cinis!

102 913 156 974 Tu
177 905 233 999 qui
251 913 340 980 fuisti
361 917 463 984 mulus
484 919 686 1003 clitellarius,

102 1016 333 1106 Quemcunque
351 1021 455 1090 visum
475 1037 523 1110 est
545 1025 645 1092 laedis
665 1029 767 1097 infixo
790 1033 916 1102 aculeo.

101 1121 148 1182 Et
169 1121 281 1206 Vespa
302 1107 431 1210 'diguam
457 1129 602 1197 moribus
619 1116 733 1198 voceui
753 1135 872 1202 editis:

102 1222 180 1288 Nun
200 1222 256 1310 qui
277 1225 447 1307 fuerimus,
469 1236 527 1308 sed
548 1233 603 1322 qui
622 1258 705 1305 nunc
722 1238 833 1318 simus,
857 1239 943 1311 vide.
1047 1244 1087 1306 lo

478 1460 576 1522 [rus.
601 1467 713 1524 xxxa]
916 1524 919 1532 ,

280 1579 604 1652 runanuaonn
624 1587 688 1658 ar
705 1539 906 1656 sununs.

301 1718 406 1776 Pravn
425 1741 483 1778 non
502 1743 562 1784 asse
577 1725 667 1814 fidem
687 1725 882 1790 adhibendam.
972 1785 976 1803 .

134 1847 245 1930 Avis,
268 1873 363 1939 quam
385 1853 494 1922 dicunt
514 1859 880 1943 terraneolamssrustici,

99 1950 140 2016 In
162 1963 250 2018 terra
270 1955 378 2020 nidum
401 1958 478 2046 quia
501 1962 668 2046 componit
690 1963 830 2042 scilicet,

98 2055 202 2122 Forte
224 2059 410 2129 occucurrit
429 2061 597 2147 improbae
618 2065 820 2154 vulpeculae
827 2090 838 2146 ς

100 2151 281 2250 (lunulas,
302 2163 416 2247 pennis
436 2167 531 2232 altius
552 2191 586 2234 se
607 2170 746 2240 sustulit.
844 2211 848 2218 ·

99 2261 213 2341 Salve,
235 2263 341 2352 inquit
360 2267 432 2345 illa,
455 2292 513 2344 our
535 2293 585 2335 me
607 2273 739 2358 fugisti,
763 2277 925 2345 obsecro?
1038 2278 1084 2354 *5

98 2365 199 2446 Quasi
219 2389 285 2432 noo
307 2372 430 2438 abunde
453 2370 494 2435 sit
514 2373 593 2442 mihi
614 2373 648 2445 iu
668 2387 764 2459 prato
787 2377 898 2454 cibus,
997 2417 1000 2434 ι

100 2467 217 2548 Grilli,
239 2472 421 2551 scarabaei,
442 2473 639 2539 locustarum
661 2477 776 2566 copia:
860 2512 862 2516 ·

97 2571 191 2637 Nihil
212 2585 278 2652 cst,
300 2579 390 2661 quod
409 2587 544 2654 metuas,
567 2599 673 2664 rogo;
694 2590 726 2645 te
748 2579 879 2649 multum
902 2579 1022 2670 diligo,

98 2676 245 2759 Propter
265 2676 393 2764 quietos
414 2699 521 2752 mores
543 2691 575 2744 et
596 2681 693 2750 vitam
713 2685 864 2766 probam.
997 2698 999 2703 ·

98 2779 283 2864 Respondit
303 2792 436 2852 contra:
462 2786 514 2847 'su
533 2783 661 2873 quidem
683 2787 764 2855 bene
780 2785 968 2870 praedicas;
1033 2789 1085 2854 ,to

97 2883 178 2948 Non
199 2905 267 2946 sum
286 2882 321 2947 in
343 2907 457 2973 campo
479 2907 539 2968 par
560 2886 636 2964 tibi,
660 2893 716 2954 sed
736 2878 804 2954 sum
826 2893 884 2955 sub
909 2891 980 2957 dios

100 2984 188 3069 Quin
209 3008 361 3073 sequere3
383 2989 519 3060 salutem⁴
535 2988 596 3070 tjbi
618 2992 784 3062 committo
808 3015 921 3061 meam.

470 3218 567 3279 [aun.
591 3207 714 3287 xxxin]

446 3342 515 3411 ΕΡ
522 3341 747 3414 ILOGUS.

370 3485 416 3538 oe
433 3487 484 3553 nu,
505 3487 552 3554 qn·
569 3484 668 3553 nnnc
683 3483 812 3539 assatum.

141 3613 220 3678 Hoc
241 3612 460 3698 qualecunque
482 3625 530 3678 est
551 3615 648 3678 Musa
668 3613 858 3700 quoalupst
880 3629 962 3694 mea,
1027 3574 1032 3582 ¹
1074 3632 1076 3638 s

153 3897 213 3946 Fas.
233 3897 321 3944 XXX.
358 3895 399 3954 (l)
412 3897 639 3957 praetervolitans]
653 3899 692 3943 Sic
705 3899 801 3955 scripsi.
818 3921 850 3932 -
859 3895 1093 3955 praeteruolontm'

99 3969 158 4012 Vat-
194 3968 237 4026 (ln
255 3967 332 4026 Neap.
354 3965 471 4026 evanuit.)
523 3963 564 4026 (i)
593 3965 719 4029 eloquens]
737 3969 759 4012 l.
780 3969 810 4013 Z.
842 3989 874 4002 ·-
903 3967 1005 4027 loqutus
1028 3969 1084 4014 Vat.

98 4038 177 4093 Neap.
