<?xml version="1.0" encoding="UTF-8"?>
<!DOCTYPE html PUBLIC "-//W3C//DTD XHTML 1.0 Transitional//EN"
    "http://www.w3.org/TR/xhtml1/DTD/xhtml1-transitional.dtd">
<html xmlns="http://www.w3.org/1999/xhtml" xml:lang="en" lang="en">
 <head>
  <title>
</title>
<meta http-equiv="Content-Type" content="text/html;charset=utf-8" />
  <meta name='ocr-system' content='tesseract 3.04.00' />
  <meta name='ocr-capabilities' content='ocr_page ocr_carea ocr_par ocr_line ocrx_word'/>
</head>
<body>
  <div class='ocr_page' id='page_1' title='image "./phaedriaugliber00phaegoog_0284.png"; bbox 0 0 2816 4716; ppageno 0'>
   <div class='ocr_carea' id='block_1_1' title="bbox 1060 381 1101 444">
    <p class='ocr_par' dir='ltr' id='par_1_1' title="bbox 1060 381 1101 444">
     <span class='ocr_line' id='line_1_1' title="bbox 1060 381 1101 444; baseline 0 0"><span class='ocrx_word' id='word_1_1' title='bbox 1060 381 1101 444; x_wconf 81' lang='lat'><strong>35</strong></span> 
     </span>
    </p>
   </div>
   <div class='ocr_carea' id='block_1_2' title="bbox 97 511 1153 3060">
    <p class='ocr_par' dir='ltr' id='par_1_2' title="bbox 104 511 1106 808">
     <span class='ocr_line' id='line_1_2' title="bbox 108 511 1106 604; baseline 0.004 -24"><span class='ocrx_word' id='word_1_2' title='bbox 108 515 187 584; x_wconf 89' lang='lat' dir='ltr'><strong>bere</strong></span> <span class='ocrx_word' id='word_1_3' title='bbox 204 511 251 580; x_wconf 89' lang='lat' dir='ltr'><strong>D.</strong></span> <span class='ocrx_word' id='word_1_4' title='bbox 316 515 364 598; x_wconf 84' lang='lat'><strong>(8)</strong></span> <span class='ocrx_word' id='word_1_5' title='bbox 384 517 518 600; x_wconf 72' lang='lat' dir='ltr'><strong>Bidens]</strong></span> <span class='ocrx_word' id='word_1_6' title='bbox 539 520 750 604; x_wconf 37' lang='lat' dir='ltr'><strong>-&#39;‚,virieru</strong></span> <span class='ocrx_word' id='word_1_7' title='bbox 780 520 827 588; x_wconf 94' lang='lat' dir='ltr'><strong>D.</strong></span> <span class='ocrx_word' id='word_1_8' title='bbox 880 521 944 586; x_wconf 78' lang='lat' dir='ltr'><strong>Sed</strong></span> <span class='ocrx_word' id='word_1_9' title='bbox 974 546 992 589; x_wconf 82' lang='lat' dir='ltr'><em>v</em></span> <span class='ocrx_word' id='word_1_10' title='bbox 1026 542 1106 585; x_wconf 86' lang='lat' dir='ltr'><strong>con·</strong></span> 
     </span>
     <span class='ocr_line' id='line_1_3' title="bbox 106 611 1105 708; baseline 0.009 -28"><span class='ocrx_word' id='word_1_11' title='bbox 106 615 234 682; x_wconf 86' lang='lat' dir='ltr'><strong>foditur</strong></span> <span class='ocrx_word' id='word_1_12' title='bbox 248 617 281 681; x_wconf 92' lang='lat' dir='ltr'><strong>in</strong></span> <span class='ocrx_word' id='word_1_13' title='bbox 296 618 478 704; x_wconf 85' lang='lat' dir='ltr'><strong>marginc.&#39;&#39;</strong></span> <span class='ocrx_word' id='word_1_14' title='bbox 500 611 591 686; x_wconf 65' lang='lat' dir='ltr'><strong>Mur.</strong></span> <span class='ocrx_word' id='word_1_15' title='bbox 621 620 707 685; x_wconf 85' lang='lat' dir='ltr'><strong>Ibid.</strong></span> <span class='ocrx_word' id='word_1_16' title='bbox 731 626 767 687; x_wconf 85' lang='lat' dir='ltr'><strong>in</strong></span> <span class='ocrx_word' id='word_1_17' title='bbox 779 624 892 706; x_wconf 81' lang='lat' dir='ltr'><strong>foveo</strong></span> <span class='ocrx_word' id='word_1_18' title='bbox 911 625 1105 708; x_wconf 78' lang='lat' dir='ltr'><strong><em>conspexit]</em></strong></span> 
     </span>
     <span class='ocr_line' id='line_1_4' title="bbox 104 723 603 808; baseline 0.006 -23"><span class='ocrx_word' id='word_1_19' title='bbox 104 757 149 768; x_wconf 93' lang='lat'>—</span> <span class='ocrx_word' id='word_1_20' title='bbox 170 725 348 808; x_wconf 79' lang='lat' dir='ltr'><em>prospexit</em></span> <span class='ocrx_word' id='word_1_21' title='bbox 370 725 406 784; x_wconf 86' lang='lat' dir='ltr'><strong>in</strong></span> <span class='ocrx_word' id='word_1_22' title='bbox 418 723 532 804; x_wconf 82' lang='lat' dir='ltr'><strong>fovea</strong></span> <span class='ocrx_word' id='word_1_23' title='bbox 556 725 603 790; x_wconf 91' lang='lat' dir='ltr'><strong>D.</strong></span> 
     </span>
    </p>

    <p class='ocr_par' dir='ltr' id='par_1_3' title="bbox 106 823 1107 1218">
     <span class='ocr_line' id='line_1_5' title="bbox 172 823 1101 910; baseline 0.008 -23"><span class='ocrx_word' id='word_1_24' title='bbox 172 825 258 887; x_wconf 72' lang='lat' dir='ltr'><strong>Fun.</strong></span> <span class='ocrx_word' id='word_1_25' title='bbox 281 823 419 886; x_wconf 84' lang='lat' dir='ltr'><strong>XVIII.</strong></span> <span class='ocrx_word' id='word_1_26' title='bbox 474 827 523 908; x_wconf 85' lang='lat'><strong>(1)</strong></span> <span class='ocrx_word' id='word_1_27' title='bbox 552 827 654 910; x_wconf 81' lang='lat' dir='ltr'><strong>actis]</strong></span> <span class='ocrx_word' id='word_1_28' title='bbox 686 825 812 892; x_wconf 82' lang='lat' dir='ltr'><strong>Firmat</strong></span> <span class='ocrx_word' id='word_1_29' title='bbox 843 827 926 891; x_wconf 82' lang='lat' dir='ltr'><strong>hanc</strong></span> <span class='ocrx_word' id='word_1_30' title='bbox 960 827 1101 894; x_wconf 83' lang='lat' dir='ltr'><strong>Meursii</strong></span> 
     </span>
     <span class='ocr_line' id='line_1_6' title="bbox 107 926 1107 1014; baseline 0.005 -23"><span class='ocrx_word' id='word_1_31' title='bbox 107 929 233 991; x_wconf 86' lang='lat' dir='ltr'><strong>emend.</strong></span> <span class='ocrx_word' id='word_1_32' title='bbox 251 926 296 989; x_wconf 89' lang='lat' dir='ltr'><strong>D.</strong></span> <span class='ocrx_word' id='word_1_33' title='bbox 313 946 397 1007; x_wconf 85' lang='lat' dir='ltr'><strong>pro:</strong></span> <span class='ocrx_word' id='word_1_34' title='bbox 421 934 571 1010; x_wconf 73' lang='lat' dir='ltr'><em>peractis</em></span> <span class='ocrx_word' id='word_1_35' title='bbox 585 933 628 995; x_wconf 93' lang='lat' dir='ltr'><strong>P.</strong></span> <span class='ocrx_word' id='word_1_36' title='bbox 640 954 676 1014; x_wconf 92' lang='lat' dir='ltr'><strong>p.</strong></span> <span class='ocrx_word' id='word_1_37' title='bbox 721 933 768 1010; x_wconf 72' lang='lat'><strong>(2)</strong></span> <span class='ocrx_word' id='word_1_38' title='bbox 789 929 927 1010; x_wconf 88' lang='lat' dir='ltr'><strong>Humo]</strong></span> <span class='ocrx_word' id='word_1_39' title='bbox 949 946 987 988; x_wconf 63' lang='grc' dir='ltr'>ω</span> <span class='ocrx_word' id='word_1_40' title='bbox 1007 933 1107 996; x_wconf 85' lang='lat' dir='ltr'><strong>bumi</strong></span> 
     </span>
     <span class='ocr_line' id='line_1_7' title="bbox 106 1028 1102 1118; baseline -0.003 -21"><span class='ocrx_word' id='word_1_41' title='bbox 106 1033 155 1098; x_wconf 89' lang='lat' dir='ltr'><strong>D.</strong></span> <span class='ocrx_word' id='word_1_42' title='bbox 175 1042 210 1094; x_wconf 88' lang='lat' dir='ltr'><strong>ut</strong></span> <span class='ocrx_word' id='word_1_43' title='bbox 229 1028 346 1092; x_wconf 89' lang='lat' dir='ltr'><strong>Heius.</strong></span> <span class='ocrx_word' id='word_1_44' title='bbox 391 1031 440 1108; x_wconf 84' lang='lat' dir='ltr'><strong>(b)</strong></span> <span class='ocrx_word' id='word_1_45' title='bbox 462 1029 592 1111; x_wconf 83' lang='lat' dir='ltr'><strong>iuquit,</strong></span> <span class='ocrx_word' id='word_1_46' title='bbox 613 1036 676 1097; x_wconf 89' lang='lat' dir='ltr'><strong>illo</strong></span> <span class='ocrx_word' id='word_1_47' title='bbox 697 1033 809 1115; x_wconf 79' lang='lat' dir='ltr'><strong>posse]</strong></span> <span class='ocrx_word' id='word_1_48' title='bbox 832 1063 875 1080; x_wconf 87' lang='lat'><strong>-·</strong></span> <span class='ocrx_word' id='word_1_49' title='bbox 896 1035 1009 1118; x_wconf 80' lang='lat' dir='ltr'><strong>iuquit</strong></span> <span class='ocrx_word' id='word_1_50' title='bbox 1023 1033 1102 1110; x_wconf 83' lang='lat' dir='ltr'><strong>itta,</strong></span> 
     </span>
     <span class='ocr_line' id='line_1_8' title="bbox 106 1121 895 1218; baseline 0 -20"><span class='ocrx_word' id='word_1_51' title='bbox 106 1154 206 1218; x_wconf 79' lang='lat' dir='ltr'><strong>posse</strong></span> <span class='ocrx_word' id='word_1_52' title='bbox 223 1131 268 1196; x_wconf 93' lang='lat' dir='ltr'><strong>D.</strong></span> <span class='ocrx_word' id='word_1_53' title='bbox 313 1132 362 1212; x_wconf 85' lang='lat'><strong>(7)</strong></span> <span class='ocrx_word' id='word_1_54' title='bbox 385 1121 499 1213; x_wconf 85' lang='lat' dir='ltr'><strong>initio]</strong></span> <span class='ocrx_word' id='word_1_55' title='bbox 522 1163 562 1176; x_wconf 89' lang='lat'><em>-</em></span> <span class='ocrx_word' id='word_1_56' title='bbox 588 1135 732 1197; x_wconf 86' lang='lat' dir='ltr'><strong>inicium</strong></span> <span class='ocrx_word' id='word_1_57' title='bbox 753 1133 828 1215; x_wconf 88' lang='lat' dir='ltr'><strong>(sic)</strong></span> <span class='ocrx_word' id='word_1_58' title='bbox 850 1135 895 1200; x_wconf 93' lang='lat' dir='ltr'><strong>D.</strong></span> 
     </span>
    </p>

    <p class='ocr_par' dir='ltr' id='par_1_4' title="bbox 97 1234 1137 2038">
     <span class='ocr_line' id='line_1_9' title="bbox 171 1234 1104 1320; baseline 0.001 -20"><span class='ocrx_word' id='word_1_59' title='bbox 171 1237 257 1300; x_wconf 73' lang='lat' dir='ltr'><strong>Fun.</strong></span> <span class='ocrx_word' id='word_1_60' title='bbox 275 1235 376 1299; x_wconf 93' lang='lat' dir='ltr'><strong>XIX.</strong></span> <span class='ocrx_word' id='word_1_61' title='bbox 421 1236 469 1315; x_wconf 77' lang='lat' dir='ltr'><strong>(lt)</strong></span> <span class='ocrx_word' id='word_1_62' title='bbox 492 1234 650 1318; x_wconf 82' lang='lat' dir='ltr'><strong>tugurio]</strong></span> <span class='ocrx_word' id='word_1_63' title='bbox 668 1282 683 1308; x_wconf 89' lang='lat'><strong>„</strong></span> <span class='ocrx_word' id='word_1_64' title='bbox 695 1235 739 1298; x_wconf 92' lang='lat' dir='ltr'><strong>D.</strong></span> <span class='ocrx_word' id='word_1_65' title='bbox 753 1238 904 1320; x_wconf 82' lang='lat' dir='ltr'><strong>tuguiio.</strong></span> <span class='ocrx_word' id='word_1_66' title='bbox 945 1237 996 1301; x_wconf 92' lang='lat' dir='ltr'><strong>De</strong></span> <span class='ocrx_word' id='word_1_67' title='bbox 1012 1238 1026 1298; x_wconf 87' lang='lat' dir='ltr'><em>l</em></span> <span class='ocrx_word' id='word_1_68' title='bbox 1040 1255 1104 1319; x_wconf 88' lang='lat' dir='ltr'><strong>pro</strong></span> 
     </span>
     <span class='ocr_line' id='line_1_10' title="bbox 106 1335 1102 1424; baseline 0.001 -22"><span class='ocrx_word' id='word_1_69' title='bbox 106 1363 126 1403; x_wconf 93' lang='lat' dir='ltr'><strong>r</strong></span> <span class='ocrx_word' id='word_1_70' title='bbox 147 1337 180 1401; x_wconf 91' lang='lat' dir='ltr'><strong>in</strong></span> <span class='ocrx_word' id='word_1_71' title='bbox 202 1337 342 1424; x_wconf 82' lang='lat' dir='ltr'><strong>antiquis</strong></span> <span class='ocrx_word' id='word_1_72' title='bbox 364 1337 450 1401; x_wconf 77' lang='lat' dir='ltr'><strong>Mes.</strong></span> <span class='ocrx_word' id='word_1_73' title='bbox 473 1335 541 1400; x_wconf 82' lang='lat' dir='ltr'><strong>dixi</strong></span> <span class='ocrx_word' id='word_1_74' title='bbox 564 1339 604 1398; x_wconf 85' lang='lat' dir='ltr'><strong>ad</strong></span> <span class='ocrx_word' id='word_1_75' title='bbox 616 1336 726 1402; x_wconf 86' lang='lat' dir='ltr'><strong>Cicer.</strong></span> <span class='ocrx_word' id='word_1_76' title='bbox 744 1342 782 1402; x_wconf 90' lang='lat' dir='ltr'><strong>de</strong></span> <span class='ocrx_word' id='word_1_77' title='bbox 797 1361 869 1422; x_wconf 86' lang='lat' dir='ltr'><strong>rep.</strong></span> <span class='ocrx_word' id='word_1_78' title='bbox 887 1341 951 1404; x_wconf 89' lang='lat' dir='ltr'><strong>Ed.</strong></span> <span class='ocrx_word' id='word_1_79' title='bbox 968 1342 1102 1404; x_wconf 82' lang='lat' dir='ltr'><strong>secund.</strong></span> 
     </span>
     <span class='ocr_line' id='line_1_11' title="bbox 105 1437 1137 1527; baseline 0.001 -23"><span class='ocrx_word' id='word_1_80' title='bbox 105 1463 186 1527; x_wconf 82' lang='lat' dir='ltr'><strong>pag.</strong></span> <span class='ocrx_word' id='word_1_81' title='bbox 208 1443 259 1506; x_wconf 82' lang='lat'><strong>19.</strong></span> <span class='ocrx_word' id='word_1_82' title='bbox 282 1453 314 1504; x_wconf 86' lang='lat' dir='ltr'><strong>et</strong></span> <span class='ocrx_word' id='word_1_83' title='bbox 334 1437 410 1503; x_wconf 62' lang='lat'><strong>453⁸</strong></span> <span class='ocrx_word' id='word_1_84' title='bbox 434 1441 525 1503; x_wconf 70' lang='lat' dir='ltr'><strong>Mur.</strong></span> <span class='ocrx_word' id='word_1_85' title='bbox 583 1442 630 1520; x_wconf 84' lang='lat'><strong>(5)</strong></span> <span class='ocrx_word' id='word_1_86' title='bbox 654 1443 744 1522; x_wconf 85' lang='lat' dir='ltr'><strong>dein]</strong></span> <span class='ocrx_word' id='word_1_87' title='bbox 770 1443 840 1516; x_wconf 88' lang='lat' dir='ltr'><strong>„D.</strong></span> <span class='ocrx_word' id='word_1_88' title='bbox 866 1442 1002 1521; x_wconf 77' lang='lat' dir='ltr'><strong>deiude3</strong></span> <span class='ocrx_word' id='word_1_89' title='bbox 1024 1463 1104 1506; x_wconf 87' lang='lat' dir='ltr'><strong>mox</strong></span> <span class='ocrx_word' id='word_1_90' title='bbox 1134 1441 1137 1448; x_wconf 80' lang='grc'><strong>’</strong></span> 
     </span>
     <span class='ocr_line' id='line_1_12' title="bbox 106 1541 1102 1629; baseline -0.001 -20"><span class='ocrx_word' id='word_1_91' title='bbox 106 1545 243 1609; x_wconf 87' lang='lat' dir='ltr'><strong>alterum</strong></span> <span class='ocrx_word' id='word_1_92' title='bbox 279 1547 320 1609; x_wconf 85' lang='lat' dir='ltr'><strong>de</strong></span> <span class='ocrx_word' id='word_1_93' title='bbox 356 1541 552 1627; x_wconf 83' lang='lat' dir='ltr'><strong>expungitur</strong></span> <span class='ocrx_word' id='word_1_94' title='bbox 592 1546 632 1605; x_wconf 87' lang='lat' dir='ltr'><strong>ab</strong></span> <span class='ocrx_word' id='word_1_95' title='bbox 670 1543 799 1629; x_wconf 86' lang='lat' dir='ltr'><strong>antiqua</strong></span> <span class='ocrx_word' id='word_1_96' title='bbox 835 1547 964 1607; x_wconf 86' lang='lat' dir='ltr'><strong>manu.&#39;&#39;</strong></span> <span class='ocrx_word' id='word_1_97' title='bbox 1008 1545 1102 1608; x_wconf 70' lang='lat' dir='ltr'><strong>Mur.</strong></span> 
     </span>
     <span class='ocr_line' id='line_1_13' title="bbox 105 1644 1100 1729; baseline -0.002 -19"><span class='ocrx_word' id='word_1_98' title='bbox 105 1651 155 1729; x_wconf 87' lang='lat' dir='ltr'><strong>(b)</strong></span> <span class='ocrx_word' id='word_1_99' title='bbox 176 1646 340 1726; x_wconf 83' lang='lat' dir='ltr'><strong>admovit]</strong></span> <span class='ocrx_word' id='word_1_100' title='bbox 373 1677 415 1688; x_wconf 93' lang='lat'><em>-</em></span> <span class='ocrx_word' id='word_1_101' title='bbox 437 1644 615 1707; x_wconf 79' lang='lat' dir='ltr'><strong>admonuit</strong></span> <span class='ocrx_word' id='word_1_102' title='bbox 630 1646 674 1709; x_wconf 89' lang='lat' dir='ltr'><strong>D.</strong></span> <span class='ocrx_word' id='word_1_103' title='bbox 691 1657 726 1706; x_wconf 93' lang='lat' dir='ltr'><strong>ut</strong></span> <span class='ocrx_word' id='word_1_104' title='bbox 741 1649 782 1710; x_wconf 93' lang='lat' dir='ltr'><strong>P.</strong></span> <span class='ocrx_word' id='word_1_105' title='bbox 802 1649 845 1711; x_wconf 89' lang='lat' dir='ltr'><strong>R.</strong></span> <span class='ocrx_word' id='word_1_106' title='bbox 890 1647 939 1728; x_wconf 80' lang='grc'><strong>(7)</strong></span> <span class='ocrx_word' id='word_1_107' title='bbox 963 1647 1100 1710; x_wconf 76' lang='lat' dir='ltr'><strong>catulos</strong></span> 
     </span>
     <span class='ocr_line' id='line_1_14' title="bbox 105 1745 1100 1833; baseline -0.002 -20"><span class='ocrx_word' id='word_1_108' title='bbox 105 1760 221 1833; x_wconf 74' lang='lat' dir='ltr'><strong>posset</strong></span> <span class='ocrx_word' id='word_1_109' title='bbox 248 1745 386 1827; x_wconf 78' lang='lat' dir='ltr'><strong>ducere]</strong></span> <span class='ocrx_word' id='word_1_110' title='bbox 409 1780 448 1796; x_wconf 81' lang='lat'><strong>·-</strong></span> <span class='ocrx_word' id='word_1_111' title='bbox 476 1757 589 1829; x_wconf 78' lang='lat' dir='ltr'><strong>posset</strong></span> <span class='ocrx_word' id='word_1_112' title='bbox 613 1749 752 1811; x_wconf 80' lang='lat' dir='ltr'><strong>rotulos</strong></span> <span class='ocrx_word' id='word_1_113' title='bbox 774 1749 939 1815; x_wconf 82' lang='lat' dir='ltr'><strong>deducere</strong></span> <span class='ocrx_word' id='word_1_114' title='bbox 960 1748 1006 1811; x_wconf 93' lang='lat' dir='ltr'><strong>D.</strong></span> <span class='ocrx_word' id='word_1_115' title='bbox 1051 1745 1100 1825; x_wconf 86' lang='lat'><strong>(8)</strong></span> 
     </span>
     <span class='ocr_line' id='line_1_15' title="bbox 97 1843 1102 1936; baseline 0.001 -25"><span class='ocrx_word' id='word_1_116' title='bbox 97 1849 352 1933; x_wconf 77' lang='lat' dir='ltr'><strong>flugitarel-</strong></span> <span class='ocrx_word' id='word_1_117' title='bbox 369 1843 535 1936; x_wconf 65' lang='lat' dir='ltr'><strong>flagitari</strong></span> <span class='ocrx_word' id='word_1_118' title='bbox 554 1848 599 1911; x_wconf 92' lang='lat' dir='ltr'><strong>D.</strong></span> <span class='ocrx_word' id='word_1_119' title='bbox 655 1848 703 1927; x_wconf 87' lang='grc'><strong>(9)</strong></span> <span class='ocrx_word' id='word_1_120' title='bbox 736 1849 851 1915; x_wconf 80' lang='lat' dir='ltr'><strong>Cubile</strong></span> <span class='ocrx_word' id='word_1_121' title='bbox 876 1851 1006 1932; x_wconf 85' lang='lat' dir='ltr'><strong>coepit.</strong></span> <span class='ocrx_word' id='word_1_122' title='bbox 1048 1846 1102 1929; x_wconf 77' lang='grc' dir='ltr'><strong>δι]</strong></span> 
     </span>
     <span class='ocr_line' id='line_1_16' title="bbox 105 1944 858 2038; baseline -0.001 -20"><span class='ocrx_word' id='word_1_123' title='bbox 105 1985 149 1998; x_wconf 91' lang='grc'>-</span> <span class='ocrx_word' id='word_1_124' title='bbox 173 1947 440 2036; x_wconf 80' lang='lat' dir='ltr'><strong>Cubile&#39;cocpit.</strong></span> <span class='ocrx_word' id='word_1_125' title='bbox 471 1952 561 2015; x_wconf 86' lang='lat' dir='ltr'><strong>Illo:</strong></span> <span class='ocrx_word' id='word_1_126' title='bbox 583 1953 614 2012; x_wconf 83' lang='lat' dir='ltr'><strong>si</strong></span> <span class='ocrx_word' id='word_1_127' title='bbox 631 1949 677 2013; x_wconf 91' lang='lat' dir='ltr'><strong>D.</strong></span> <span class='ocrx_word' id='word_1_128' title='bbox 700 1944 858 2038; x_wconf 78' lang='grc' dir='ltr'><em>ἀμέτρως.</em></span> 
     </span>
    </p>

    <p class='ocr_par' dir='ltr' id='par_1_5' title="bbox 103 2050 1105 2340">
     <span class='ocr_line' id='line_1_17' title="bbox 172 2050 1100 2138; baseline -0.001 -21"><span class='ocrx_word' id='word_1_129' title='bbox 172 2055 258 2118; x_wconf 74' lang='lat' dir='ltr'><strong>Fue.</strong></span> <span class='ocrx_word' id='word_1_130' title='bbox 274 2055 357 2118; x_wconf 87' lang='lat' dir='ltr'><strong>XX.</strong></span> <span class='ocrx_word' id='word_1_131' title='bbox 403 2053 451 2132; x_wconf 80' lang='lat'><strong>(2)</strong></span> <span class='ocrx_word' id='word_1_132' title='bbox 465 2050 665 2138; x_wconf 83' lang='lat' dir='ltr'><strong>perniciem]</strong></span> <span class='ocrx_word' id='word_1_133' title='bbox 678 2087 720 2098; x_wconf 93' lang='lat'><em>-</em></span> <span class='ocrx_word' id='word_1_134' title='bbox 733 2050 909 2132; x_wconf 74' lang='lat' dir='ltr'><strong>pernitiem</strong></span> <span class='ocrx_word' id='word_1_135' title='bbox 920 2053 965 2117; x_wconf 93' lang='lat' dir='ltr'><strong>D.</strong></span> <span class='ocrx_word' id='word_1_136' title='bbox 1009 2051 1100 2116; x_wconf 83' lang='lat' dir='ltr'><strong>Ibid.</strong></span> 
     </span>
     <span class='ocr_line' id='line_1_18' title="bbox 106 2152 1105 2237; baseline -0.001 -16"><span class='ocrx_word' id='word_1_137' title='bbox 106 2158 286 2237; x_wconf 75' lang='lat' dir='ltr'><strong>mortales]</strong></span> <span class='ocrx_word' id='word_1_138' title='bbox 309 2191 346 2225; x_wconf 86' lang='lat'><strong><em>=</em></strong></span> <span class='ocrx_word' id='word_1_139' title='bbox 370 2155 529 2219; x_wconf 74' lang='lat' dir='ltr'><strong>mortuiis</strong></span> <span class='ocrx_word' id='word_1_140' title='bbox 553 2153 599 2218; x_wconf 90' lang='lat' dir='ltr'><strong>D.</strong></span> <span class='ocrx_word' id='word_1_141' title='bbox 633 2157 742 2220; x_wconf 85' lang='lat' dir='ltr'><strong>Habet</strong></span> <span class='ocrx_word' id='word_1_142' title='bbox 764 2177 800 2220; x_wconf 91' lang='lat' dir='ltr'><strong>re</strong></span> <span class='ocrx_word' id='word_1_143' title='bbox 818 2177 895 2220; x_wconf 84' lang='lat' dir='ltr'><strong>vera</strong></span> <span class='ocrx_word' id='word_1_144' title='bbox 921 2155 1049 2224; x_wconf 81' lang='lat' dir='ltr'><strong>ebibere</strong></span> <span class='ocrx_word' id='word_1_145' title='bbox 1072 2152 1105 2220; x_wconf 83' lang='lat' dir='ltr'><strong>et&#39;</strong></span> 
     </span>
     <span class='ocr_line' id='line_1_19' title="bbox 103 2243 420 2340; baseline 0 -20"><span class='ocrx_word' id='word_1_146' title='bbox 103 2243 203 2340; x_wconf 76' lang='lat' dir='ltr'><strong>prius</strong></span> <span class='ocrx_word' id='word_1_147' title='bbox 223 2259 352 2326; x_wconf 83' lang='lat' dir='ltr'><strong>Periere</strong></span> <span class='ocrx_word' id='word_1_148' title='bbox 374 2258 420 2322; x_wconf 91' lang='lat' dir='ltr'><strong>D.</strong></span> 
     </span>
    </p>

    <p class='ocr_par' dir='ltr' id='par_1_6' title="bbox 106 2359 1153 3060">
     <span class='ocr_line' id='line_1_20' title="bbox 172 2359 1102 2445; baseline 0.003 -23"><span class='ocrx_word' id='word_1_149' title='bbox 172 2359 258 2423; x_wconf 69' lang='lat' dir='ltr'><strong>Fun.</strong></span> <span class='ocrx_word' id='word_1_150' title='bbox 274 2361 377 2425; x_wconf 88' lang='lat' dir='ltr'><strong>XXI.</strong></span> <span class='ocrx_word' id='word_1_151' title='bbox 394 2410 397 2418; x_wconf 83' lang='lat'><strong>.</strong></span> <span class='ocrx_word' id='word_1_152' title='bbox 421 2359 468 2442; x_wconf 78' lang='lat'><strong>(2)</strong></span> <span class='ocrx_word' id='word_1_153' title='bbox 491 2359 627 2444; x_wconf 77' lang='lat' dir='ltr'><strong>Ignavis</strong></span> <span class='ocrx_word' id='word_1_154' title='bbox 640 2365 804 2424; x_wconf 79' lang='lat' dir='ltr'><strong>eetetiom</strong></span> <span class='ocrx_word' id='word_1_155' title='bbox 817 2361 930 2438; x_wconf 80' lang='lat' dir='ltr'><strong>iocus]</strong></span> <span class='ocrx_word' id='word_1_156' title='bbox 948 2380 986 2419; x_wconf 70' lang='lat' dir='ltr'><strong>oo</strong></span> <span class='ocrx_word' id='word_1_157' title='bbox 999 2362 1102 2445; x_wconf 76' lang='lat' dir='ltr'><em>lgna-</em></span> 
     </span>
     <span class='ocr_line' id='line_1_21' title="bbox 108 2459 1101 2541; baseline -0.001 -16"><span class='ocrx_word' id='word_1_158' title='bbox 108 2462 158 2525; x_wconf 83' lang='lat' dir='ltr'><strong>vis</strong></span> <span class='ocrx_word' id='word_1_159' title='bbox 178 2465 283 2526; x_wconf 85' lang='lat' dir='ltr'><strong>etiam</strong></span> <span class='ocrx_word' id='word_1_160' title='bbox 301 2467 400 2527; x_wconf 78' lang='lat' dir='ltr'><strong>iocus</strong></span> <span class='ocrx_word' id='word_1_161' title='bbox 423 2474 473 2528; x_wconf 82' lang='lat' dir='ltr'><strong>est</strong></span> <span class='ocrx_word' id='word_1_162' title='bbox 491 2459 557 2535; x_wconf 73' lang='lat' dir='ltr'><strong>D..</strong></span> <span class='ocrx_word' id='word_1_163' title='bbox 593 2469 628 2520; x_wconf 93' lang='lat' dir='ltr'><strong>ut</strong></span> <span class='ocrx_word' id='word_1_164' title='bbox 645 2481 681 2541; x_wconf 87' lang='lat' dir='ltr'><strong>p.</strong></span> <span class='ocrx_word' id='word_1_165' title='bbox 706 2465 761 2535; x_wconf 90' lang='lat' dir='ltr'><strong>S.;</strong></span> <span class='ocrx_word' id='word_1_166' title='bbox 795 2463 883 2541; x_wconf 88' lang='lat' dir='ltr'><strong>quod</strong></span> <span class='ocrx_word' id='word_1_167' title='bbox 904 2462 965 2523; x_wconf 85' lang='lat' dir='ltr'><strong>hac</strong></span> <span class='ocrx_word' id='word_1_168' title='bbox 987 2472 1101 2524; x_wconf 85' lang='lat' dir='ltr'><strong>aucto·</strong></span> 
     </span>
     <span class='ocr_line' id='line_1_22' title="bbox 106 2557 1102 2645; baseline -0.002 -21"><span class='ocrx_word' id='word_1_169' title='bbox 106 2559 205 2626; x_wconf 83' lang='lat' dir='ltr'><strong>ritate</strong></span> <span class='ocrx_word' id='word_1_170' title='bbox 233 2565 395 2626; x_wconf 88' lang='lat' dir='ltr'><strong>firmatum</strong></span> <span class='ocrx_word' id='word_1_171' title='bbox 428 2583 512 2627; x_wconf 85' lang='lat' dir='ltr'><strong>nuuc</strong></span> <span class='ocrx_word' id='word_1_172' title='bbox 544 2561 710 2645; x_wconf 83' lang='lat' dir='ltr'><strong>praefero.</strong></span> <span class='ocrx_word' id='word_1_173' title='bbox 755 2565 803 2644; x_wconf 79' lang='grc'><strong>(5)</strong></span> <span class='ocrx_word' id='word_1_174' title='bbox 827 2561 875 2624; x_wconf 80' lang='lat' dir='ltr'><strong>od</strong></span> <span class='ocrx_word' id='word_1_175' title='bbox 893 2584 971 2627; x_wconf 86' lang='lat' dir='ltr'><strong>eum</strong></span> <span class='ocrx_word' id='word_1_176' title='bbox 995 2557 1102 2644; x_wconf 83' lang='lat' dir='ltr'><strong>venit]</strong></span> 
     </span>
     <span class='ocr_line' id='line_1_23' title="bbox 107 2661 1103 2746; baseline -0.006 -16"><span class='ocrx_word' id='word_1_177' title='bbox 107 2696 152 2712; x_wconf 83' lang='lat'><strong>-</strong></span> <span class='ocrx_word' id='word_1_178' title='bbox 175 2666 327 2746; x_wconf 72' lang='lat' dir='ltr'><strong>veritati</strong></span> <span class='ocrx_word' id='word_1_179' title='bbox 345 2689 423 2732; x_wconf 86' lang='lat' dir='ltr'><strong>eum</strong></span> <span class='ocrx_word' id='word_1_180' title='bbox 443 2667 489 2730; x_wconf 94' lang='lat' dir='ltr'><strong>D.</strong></span> <span class='ocrx_word' id='word_1_181' title='bbox 533 2666 582 2746; x_wconf 85' lang='lat' dir='ltr'><strong>(b)</strong></span> <span class='ocrx_word' id='word_1_182' title='bbox 606 2669 705 2738; x_wconf 86' lang='lat' dir='ltr'><strong>„ictu</strong></span> <span class='ocrx_word' id='word_1_183' title='bbox 727 2663 910 2744; x_wconf 79' lang='lat' dir='ltr'><strong>veterem]”</strong></span> <span class='ocrx_word' id='word_1_184' title='bbox 935 2665 982 2740; x_wconf 96' lang='lat' dir='ltr'><strong>(ut</strong></span> <span class='ocrx_word' id='word_1_185' title='bbox 996 2661 1103 2742; x_wconf 77' lang='lat' dir='ltr'><strong>nost)</strong></span> 
     </span>
     <span class='ocr_line' id='line_1_24' title="bbox 108 2762 1101 2853; baseline -0.006 -23"><span class='ocrx_word' id='word_1_186' title='bbox 108 2767 187 2842; x_wconf 84' lang='lat' dir='ltr'><strong>„Ita</strong></span> <span class='ocrx_word' id='word_1_187' title='bbox 202 2769 310 2851; x_wconf 85' lang='lat' dir='ltr'><strong>prisca</strong></span> <span class='ocrx_word' id='word_1_188' title='bbox 331 2793 425 2834; x_wconf 84' lang='lat' dir='ltr'><strong>mauu</strong></span> <span class='ocrx_word' id='word_1_189' title='bbox 437 2767 616 2853; x_wconf 76' lang='lat' dir='ltr'><strong>corrigitur</strong></span> <span class='ocrx_word' id='word_1_190' title='bbox 634 2765 667 2829; x_wconf 87' lang='lat' dir='ltr'><strong>in</strong></span> <span class='ocrx_word' id='word_1_191' title='bbox 682 2767 746 2840; x_wconf 90' lang='lat' dir='ltr'><strong>D.‚</strong></span> <span class='ocrx_word' id='word_1_192' title='bbox 771 2762 825 2826; x_wconf 89' lang='lat' dir='ltr'><strong>ubi</strong></span> <span class='ocrx_word' id='word_1_193' title='bbox 841 2777 930 2828; x_wconf 84' lang='lat' dir='ltr'><strong>autea</strong></span> <span class='ocrx_word' id='word_1_194' title='bbox 946 2763 1101 2846; x_wconf 87' lang='lat' dir='ltr'><strong>scriptum</strong></span> 
     </span>
     <span class='ocr_line' id='line_1_25' title="bbox 107 2865 1153 2950; baseline -0.008 -12"><span class='ocrx_word' id='word_1_195' title='bbox 107 2880 180 2933; x_wconf 73' lang='lat' dir='ltr'><strong>etat</strong></span> <span class='ocrx_word' id='word_1_196' title='bbox 198 2881 337 2938; x_wconf 82' lang='lat' dir='ltr'><strong>veterem</strong></span> <span class='ocrx_word' id='word_1_197' title='bbox 359 2875 465 2940; x_wconf 86' lang='lat' dir='ltr'><strong>ictu.&#39;&#39;</strong></span> <span class='ocrx_word' id='word_1_198' title='bbox 488 2873 579 2936; x_wconf 71' lang='lat' dir='ltr'><strong>Mur.</strong></span> <span class='ocrx_word' id='word_1_199' title='bbox 631 2870 700 2949; x_wconf 86' lang='lat'>(10)</span> <span class='ocrx_word' id='word_1_200' title='bbox 722 2871 837 2932; x_wconf 80' lang='lat' dir='ltr'><strong>Fortes</strong></span> <span class='ocrx_word' id='word_1_201' title='bbox 862 2867 1000 2950; x_wconf 84' lang='lat' dir='ltr'><strong>indigne</strong></span> <span class='ocrx_word' id='word_1_202' title='bbox 1021 2865 1103 2946; x_wconf 82' lang='lat' dir='ltr'><strong>tuh]</strong></span> <span class='ocrx_word' id='word_1_203' title='bbox 1151 2884 1153 2906; x_wconf 81' lang='lat'><strong>¹</strong></span> 
     </span>
     <span class='ocr_line' id='line_1_26' title="bbox 110 2966 1102 3060; baseline -0.009 -22"><span class='ocrx_word' id='word_1_204' title='bbox 110 2976 288 3041; x_wconf 79' lang='lat' dir='ltr'><strong>-Fortis</strong></span> <span class='ocrx_word' id='word_1_205' title='bbox 312 2977 449 3060; x_wconf 69' lang='lat' dir='ltr'><strong>indigme</strong></span> <span class='ocrx_word' id='word_1_206' title='bbox 468 2975 553 3058; x_wconf 80' lang='lat' dir='ltr'><strong>sero</strong></span> <span class='ocrx_word' id='word_1_207' title='bbox 578 2971 623 3034; x_wconf 88' lang='lat' dir='ltr'><strong>D.</strong></span> <span class='ocrx_word' id='word_1_208' title='bbox 670 2969 789 3046; x_wconf 88' lang='lat' dir='ltr'><strong>„Nihil</strong></span> <span class='ocrx_word' id='word_1_209' title='bbox 820 2967 964 3050; x_wconf 80' lang='lat' dir='ltr'><strong>amplius.</strong></span> <span class='ocrx_word' id='word_1_210' title='bbox 989 2978 1036 3036; x_wconf 78' lang='lat' dir='ltr'><strong>cst</strong></span> <span class='ocrx_word' id='word_1_211' title='bbox 1068 2966 1102 3030; x_wconf 92' lang='lat' dir='ltr'><strong>iu</strong></span> 
     </span>
    </p>
   </div>
   <div class='ocr_carea' id='block_1_3' title="bbox 108 3068 1102 3265">
    <p class='ocr_par' dir='ltr' id='par_1_7' title="bbox 108 3068 1102 3265">
     <span class='ocr_line' id='line_1_27' title="bbox 108 3068 1102 3160; baseline -0.009 -18"><span class='ocrx_word' id='word_1_212' title='bbox 108 3075 237 3142; x_wconf 86' lang='lat' dir='ltr'><strong>Codice</strong></span> <span class='ocrx_word' id='word_1_213' title='bbox 253 3097 294 3140; x_wconf 79' lang='lat' dir='ltr'><strong>ex</strong></span> <span class='ocrx_word' id='word_1_214' title='bbox 308 3077 370 3139; x_wconf 87' lang='lat' dir='ltr'><strong>hac</strong></span> <span class='ocrx_word' id='word_1_215' title='bbox 389 3075 510 3139; x_wconf 81' lang='lat' dir='ltr'><strong>sabula.</strong></span> <span class='ocrx_word' id='word_1_216' title='bbox 549 3073 703 3160; x_wconf 86' lang='lat' dir='ltr'><strong>Sequitur</strong></span> <span class='ocrx_word' id='word_1_217' title='bbox 719 3070 844 3137; x_wconf 87' lang='lat' dir='ltr'><strong>enimin</strong></span> <span class='ocrx_word' id='word_1_218' title='bbox 856 3093 969 3136; x_wconf 83' lang='lat' dir='ltr'><strong>aversa</strong></span> <span class='ocrx_word' id='word_1_219' title='bbox 983 3068 1102 3156; x_wconf 81' lang='lat' dir='ltr'><strong>pagina</strong></span> 
     </span>
     <span class='ocr_line' id='line_1_28' title="bbox 108 3176 679 3265; baseline -0.002 -22"><span class='ocrx_word' id='word_1_220' title='bbox 108 3179 166 3264; x_wconf 82' lang='lat' dir='ltr'><strong>pia</strong></span> <span class='ocrx_word' id='word_1_221' title='bbox 187 3176 563 3265; x_wconf 53' lang='lat' dir='ltr'><strong>precatio&#39;Hiucmuril&#39;</strong></span> <span class='ocrx_word' id='word_1_222' title='bbox 587 3179 679 3242; x_wconf 73' lang='lat' dir='ltr'><strong>Mur.</strong></span> 
     </span>
    </p>
   </div>
   <div class='ocr_carea' id='block_1_4' title="bbox 0 0 1412 4716">
    <p class='ocr_par' dir='ltr' id='par_1_8' title="bbox 0 0 1412 4716">
     <span class='ocr_line' id='line_1_29' title="bbox 0 0 1412 4716; baseline 0 0"><span class='ocrx_word' id='word_1_223' title='bbox 0 0 1412 4716; x_wconf 95' lang='lat' dir='ltr'><strong> </strong></span> 
     </span>
    </p>
   </div>
  </div>
 </body>
</html>
