2846 4736
337 351 378 415 60

337 492 434 572 Quod
456 489 618 571 occupatis
641 488 769 551 auribus
792 509 855 553 uon
873 491 1037 552 'convenit

238 613 241 622 ⁴
335 595 487 658 Fortasse
509 593 612 654 dicesr
636 591 774 674 Aliquae
796 590 921 654 venient
942 592 1057 667 feriae,

336 696 427 776 Quae
449 717 497 757 me
518 695 624 758 soluto
647 707 777 776 pectore
799 695 992 757 adstudiuur
1015 707 1142 758 vocent.

334 799 501 880 Legesne,
525 816 661 880 quaeso,
685 793 792 878 potius
814 796 893 859 viles
915 798 1056 874 naenias,
1132 885 1135 888 Ι
1193 830 1199 844 ⁸
1286 801 1322 860 1⁰

335 901 501 984 Impendas
522 921 627 962 curam
650 921 741 981 quiam
763 901 811 961 rei
833 899 1041 975 domesticae,

333 1003 461 1066 Reddas
483 1002 589 1064 amicis
612 1013 777 1083 tempora,
801 1000 898 1066 uxori
919 1023 1030 1077 vaces,

334 1104 482 1169 Animum
504 1105 647 1178 relaxes,
671 1104 766 1167 otium
789 1105 843 1166 des
864 1103 1015 1186 corpori,

333 1207 380 1273 Ut
401 1209 559 1271 adsu'e'tatn
580 1205 695 1270 fortius
716 1197 858 1288 praestes
881 1206 1004 1270 vicem?

333 1312 521 1376 Mutandum
542 1309 600 1373 tibi
621 1308 820 1391 propositum
842 1320 890 1372 est
912 1320 944 1371 et
966 1309 1048 1373 vitae
1071 1329 1190 1395 genus,
1221 1361 1223 1366 .
1284 1315 1319 1377 15

334 1415 459 1478 Intrare
480 1413 506 1475 si
529 1413 695 1474 Musarum
716 1409 809 1473 limen
832 1410 967 1494 cogites.

334 1518 428 1600 Ego,
453 1536 545 1599 quem
569 1514 678 1579 Pierio
701 1525 800 1578 mater
823 1512 914 1576 enixa
935 1525 984 1577 est
1004 1513 1099 1600 iugo,
1137 1535 1140 1542 ⁴

333 1621 371 1684 lu
393 1639 459 1702 quo
480 1617 601 1682 tonanti
623 1629 730 1681 saincte
751 1618 965 1697 Mnemosyne
986 1614 1061 1682 Iovi

328 1724 482 1788 Fecunda
501 1721 612 1786 novies
635 1721 746 1783 artium
768 1718 893 1801 peperit
914 1721 1063 1794 chorum3

334 1824 487 1906 Quamvis
509 1825 541 1886 in
562 1824 630 1907 ipsa
651 1844 733 1905 pene
754 1832 845 1884 natus
868 1819 926 1884 sim
947 1823 1057 1886 schola

333 1927 514 2008 Curamque
535 1925 669 1988 habendi
689 1924 813 2006 penitus
834 1927 931 1987 corde
951 1925 1103 1988 eraserim
1203 2001 1208 2010 ¹

333 2032 377 2096 Et
398 2030 490 2091 laude
512 2027 625 2090 invicta
649 2027 744 2089 vitam
765 2027 796 2089 in
819 2029 898 2088 hanc
918 2027 1132 2106 incubuerim,

333 2131 508 2196 Fastidiose
530 2128 687 2194 tamenin
709 2141 833 2194 coetum
855 2128 1008 2212 recipior.

333 2233 419 2315 Ouid
439 2231 540 2299 credis
561 2231 605 2294 illi
627 2232 784 2307 accidere,
810 2232 863 2316 qui
887 2254 1014 2316 magnes
1037 2256 1113 2318 opes
1168 2305 1170 2312 ,

332 2337 541 2422 Exaggerare
564 2334 686 2418 quaerit
708 2334 793 2398 omui
814 2334 942 2420 vigilia,
1146 2328 1152 2336 ’

331 2439 440 2505 Docto
463 2437 566 2502 labori
588 2438 678 2500 dulce
699 2456 898 2519 praeponens
920 2439 1065 2502 lucrum?

332 2543 395 2606 Sed
415 2541 478 2604 iam
500 2543 709 2624 quodcunque
729 2539 841 2615 fuerit,
866 2551 900 2602 ut
921 2542 1000 2605 dixit
1022 2543 1138 2620 Sinon,

332 2645 386 2710 Ad
406 2665 515 2730 regem
538 2653 634 2728 quum
656 2642 834 2719 Daedaniae
855 2648 1026 2726 perductus
1047 2645 1152 2724 soret,

329 2881 468 2928 Phaeder.'’
484 2883 561 2928 Beer.
584 2883 712 2942 Utrumque
733 2889 824 2930 rectum
842 2889 885 2930 est.
924 2885 976 2932 cu.
996 2887 1125 2933 frontonis
1143 2887 1206 2947 Opp.
1227 2905 1251 2946 p.
1275 2891 1316 2936 22.

329 2953 374 2997 nt.
395 2944 486 2998 Reium:
507 2977 540 2987 -
557 2954 582 2998 εἰ
601 2956 656 3012 quie
679 2955 726 2998 iste
752 2967 839 2998 revere
856 2955 1003 3002 ruunofflt
1013 2954 1070 3016 suit
1086 2964 1131 3004 cet.
1169 2957 1204 3014 (4)
1222 2961 1318 3022 inquis]

329 3035 354 3077 p.
373 3023 399 3066 S.
416 3045 448 3056 -·
466 3021 546 3080 inquit
565 3023 595 3066 Ρ.
614 3024 644 3068 R.
663 3023 745 3066 Burin.
766 3023 828 3068 zett.
864 3025 953 3069 Verum
970 3041 1016 3071 nou
1036 3033 1077 3086 est
1093 3026 1140 3072 ficti
1158 3031 1259 3074 alicuius
1278 3035 1317 3076 ad·

329 3092 447 3145 versarii,
467 3091 508 3134 sed
528 3090 626 3140 Eutychi
647 3093 721 3146 ipsius
744 3104 834 3136 sermo.
878 3091 916 3152 (5)
933 3095 1010 3158 officii
1027 3094 1086 3154 urei]
1105 3097 1135 3142 Ρ.
1153 3111 1176 3152 p.
1197 3100 1261 3145 zeu.
1281 3111 1318 3147 oo

328 3157 420 3221 officiis
437 3160 500 3204 mete
520 3160 603 3204 Heius.
629 3161 654 3204 S.
696 3158 733 3216 (6)
751 3184 783 3196 -
801 3163 883 3224 tangit
900 3164 937 3208 oie
953 3179 978 3224 g.
1022 3163 1058 3220 (9)
1076 3165 1168 3226 soluto]
1185 3168 1214 3212 B.
1234 3184 1248 3212 a
1267 3183 1315 3214 sec.

317 3242 362 3278 [m.
384 3242 407 3284 p.
426 3229 452 3273 S.
471 3250 504 3262 -
522 3229 594 3274 colito
617 3229 646 3274 R.
666 3243 680 3273 u
700 3245 736 3287 pr.
756 3245 834 3277 runnu.
849 3233 879 3278 Ρ.
921 3233 974 3289 (10)
998 3234 1114 3294 nornine]
1131 3251 1154 3292 p.
1174 3259 1207 3271 —-
1226 3240 1317 3284 ueniere

328 3297 359 3341 R.
379 3299 405 3342 S.
425 3298 488 3344 ΖοΙΙ.
507 3321 540 3332 -
558 3299 643 3344 venire
659 3300 688 3343 Ρ.
726 3297 779 3356 (tt)
798 3307 824 3345 ut
846 3301 975 3347 adsuetum
991 3300 1089 3362 sortiar
1111 3305 1239 3367 praester]
1278 3309 1317 3353 Sic

328 3367 428 3412 testibus
442 3367 566 3426 Pitltopo,¹
579 3363 754 3428 Bnugersiost
771 3373 877 3432 Bergero
894 3372 924 3420 P.
945 3387 987 3418 nec
1005 3375 1128 3432 quicquam
1147 3382 1228 3422 contra
1249 3383 1317 3422 nota·

328 3441 367 3480 tur
385 3451 398 3481 e
415 3437 445 3481 lt.
465 3437 504 3492 (P.
522 3439 575 3483 seii.
594 3444 619 3482 ot
635 3441 711 3493 solet,
729 3442 848 3498 prester.)
884 3442 943 3486 item
962 3443 987 3488 S.
1007 3467 1045 3496 -Ι
1059 3450 1085 3489 ut
1096 3445 1130 3488 ad
1140 3453 1237 3490 suetum
1255 3445 1318 3508 (sic,

328 3503 425 3564 divise.)
437 3502 535 3564 formu
547 3511 649 3566 peretur
668 3507 724 3565 (sic)
744 3523 767 3565 p.
788 3513 850 3556 mais
870 3512 933 3556 coni.
980 3509 1036 3571 (15)
1054 3519 1081 3558 et·
1098 3513 1171 3574 sitne]
1190 3529 1213 3571 p.
1238 3519 1265 3561 S.
1286 3536 1319 3551 -

328 3579 355 3619 att
372 3576 436 3620 citae
455 3576 485 3623 P.
506 3577 536 3621 tt.
579 3575 634 3634 (tt)
652 3603 684 3614 -
709 3577 856 3641 Memosyrte
876 3581 904 3630 tt.
923 3605 956 3616 -
973 3580 1116 3643 Nemoeyne
1134 3597 1157 3644 g.
1178 3609 1211 3620 -
1229 3593 1321 3630 anneto

327 3659 358 3689 ne
378 3643 564 3704 Nemosrn‘eP.
609 3645 662 3702 (19)
679 3647 805 3710 Fecunda]
823 3666 847 3708 p.
864 3652 890 3694 S.
910 3649 1077 3698 —Fceundo
1093 3653 1124 3697 P.
1143 3655 1173 3698 tt.
1220 3653 1275 3709 (20)
1294 3657 1321 3698 t'n
1392 3649 1393 3714 J

327 3715 459 3772 ipropene
474 3716 612 3760 notuerint
629 3715 725 3777 aetola]
744 3722 778 3766 sic
791 3721 821 3765 Ρ.
843 3725 903 3764 teste
921 3721 994 3781 Berg.
1014 3723 1145 3771 fleturuaun.
1166 3747 1198 3758 ·-
1216 3725 1243 3767 in
1262 3727 1321 3782 iper

324 3790 401 3830 'notua
415 3785 465 3831 eim
480 3799 542 3843 pene
559 3783 645 3830 schola
665 3795 689 3840 p.
710 3791 735 3835 S.
767 3788 843 3836 varie
863 3795 1073 3848 transposuerunt3
1093 3795 1134 3837 sed
1156 3807 1216 3838 nens
1231 3793 1318 3840 Henru.

275 3883 285 3898 .
327 3865 409 3899 verum
426 3855 532 3900 ordinem
550 3855 646 3900 Codicis
661 3858 780 3903 divinavit.
817 3857 870 3914 (22)
888 3858 989 3918 sinemo]
1007 3862 1108 3906 nestit.
1124 3863 1319 3907 Zeti-invita

326 3923 356 3966 Ρ.
377 3925 406 3969 tt.
430 3937 454 3980 p.
474 3949 506 3959 —
525 3927 602 3972 multu
624 3925 686 3972 Get.
707 3929 733 3971 S.
753 3953 785 3962 -
803 3930 901 3973 invem
924 3929 1017 3974 Censor
1033 3929 1099 3988 Lipa.
1134 3930 1223 3989 (ibid.)
1242 3935 1318 3978 vitum

327 3993 354 4043 in
371 3991 445 4055 haue]
464 3995 565 4044 Prasrh.
587 3997 613 4041 S.
633 4019 666 4035 -
684 3997 711 4042 in
726 3994 885 4098 houexvr'tem
904 3998 934 4046 P.
954 3999 984 4045 R.
1008 4013 1032 4058 p.
1077 3999 1135 4060 ’(37)
1146 4001 1220 4066 fictir
1241 4003 1318 4051 etutt
