2776 4718
987 349 1050 416 208

44 497 120 560 Stat
140 509 257 576 snper;
277 491 401 556 incerta
423 507 559 576 namque
580 490 685 556 omnia
708 491 781 575 lege
802 480 968 557 seruntur:

43 599 123 662 Heu
145 593 271 680 quantis
292 607 396 658 terras
417 603 483 657 tum
507 593 654 677 Iuppiter
674 593 830 659 imbribus
852 613 962 662 omnes

46 701 194 764 Obruet!
218 709 272 761 aut
294 697 471 782 glomerata
494 699 584 760 cadet
606 717 698 780 quam
721 700 818 762 densa
839 719 899 782 per
914 700 1052 763 aethram

43 803 184 868 Immitis
207 803 352 886 grandal
376 800 496 864 caelum
520 821 613 882 qtram
637 821 733 882 saepe
756 803 902 868 sonabit!

44 907 153 986 Qturm
177 905 311 988 spatium
335 903 478 989 attigerit
500 901 657 968 tendentis
680 903 799 985 spicula
823 905 939 990 sigui„
1012 905 1052 970 65

43 1012 123 1073 Non
145 1009 241 1072 terris
262 1007 399 1084 imbres,
422 1017 524 1090 ponto
547 1027 612 1070 noa
634 1006 758 1070 flamina
780 989 911 1074 darual.
1080 1003 1085 1020 ’

43 1113 90 1177 Et
112 1112 192 1175 caeli
213 1121 318 1174 terret
339 1109 462 1177 sonitus
485 1107 632 1174 mortalia
654 1109 771 1188 eorda,

44 1217 153 1295 Quum
176 1201 282 1278 sedem
305 1212 469 1300 Aegoceri
492 1211 683 1294 Cythereius
706 1213 812 1301 attigit
831 1214 926 1301 ignis.

43 1317 209 1382 Horridus
231 1328 264 1381 at
285 1317 410 1403 gelidos
431 1317 593 1400 portendit
614 1317 776 1402 Aquarius
798 1318 916 1383 imbres

44 1423 277 1503 Hibernaeque
299 1423 414 1486 cadunt
435 1420 563 1506 pluviae
585 1432 801 1508 concretaque
824 1423 961 1508 grando.
1013 1426 1053 1488 to

44 1526 63 1560 0
130 1524 148 1560 ὓ
213 1531 231 1566 0
294 1530 314 1568 0
377 1531 396 1567 ο
460 1523 478 1558 ὓ
542 1523 561 1558 ῡ
625 1523 643 1558 0
708 1524 726 1560 0
791 1525 809 1560 0

45 1627 196 1694 Piscibus
218 1649 235 1691 a
259 1625 393 1712 geminis
415 1629 475 1692 sub
497 1626 598 1709 prima
618 1627 795 1690 recurrerit
816 1639 900 1692 astra
960 1629 963 1640 ’

47 1731 236 1813 Hesperos,
261 1732 342 1794 haec
363 1729 422 1793 tibi
443 1729 535 1814 signa
558 1717 659 1806 feret,
677 1751 778 1814 ¹‹putm
801 1731 972 1806 †Lucifer
993 1749 1051 1798 ora

43 1832 236 1919 Ingreditur
250 1835 364 1898 Venus
386 1833 466 1896 alma
487 1833 617 1915 polum3
639 1835 697 1896 sed
711 1833 764 1897 ubi
780 1835 948 1918 Hesperos
963 1837 1051 1924 ignes

45 1939 217 2003 Provocat
240 1935 399 2002 aetherios
421 1948 452 2000 et
473 1947 598 2016 noctem
622 1937 739 2000 ducere
761 1939 856 2002 terris

42 2038 181 2122 Incipit,
205 2039 354 2104 exoriens
378 2057 452 2103 ecee
475 2039 553 2102 haec
576 2037 738 2119 Cytherea
761 2038 917 2106 movebit.
1011 2043 1058 2108 ts

43 2146 136 2207 Vere
158 2153 273 2206 caveto
294 2141 413 2206 imbres
435 2152 467 2206 et
487 2141 619 2206 fulmina
640 2141 775 2209 culmine
797 2147 837 2206 ab
859 2144 945 2224 atto,

42 2245 222 2312 Phrixeum
245 2243 342 2310 rutilo
364 2266 467 2328 pecus
489 2256 525 2308 ut
546 2244 717 2310 radiaverit
740 2259 853 2324 astru,

43 2349 166 2414 Nubila
188 2347 444 2432 commistusque
465 2347 580 2434 fragor
601 2349 792 2431 pluvialibus
815 2348 923 2430 undis,

42 2553 107 2599 toni,
126 2550 165 2596 sb.
185 2569 221 2586 ·-
237 2563 298 2596 acer
314 2549 405 2609 areg.
430 2547 486 2609 (62)
504 2545 566 2608 tum]
585 2547 659 2609 (7.7)
676 2550 731 2613 gsb.
751 2575 784 2586 -·
803 2566 859 2596 eum
874 2553 926 2598 ΑΡ.
963 2552 1051 2613 (lbid.)
1137 2595 1138 2600 ,

41 2617 177 2680 imbribus]
196 2622 225 2666 de
243 2635 268 2680 g.
291 2621 355 2666 coni.
379 2620 404 2666 b.
425 2644 457 2656 -
476 2619 579 2680 ignibus
597 2621 698 2681 AFPgs.
719 2632 751 2666 =
771 2623 852 2667 omnis
877 2623 949 2674 AFP.
993 2622 1052 2681 (63)

40 2703 80 2740 oto
102 2689 152 2736 heu
172 2704 197 2750 g.
223 2691 287 2736 coni.
317 2691 429 2751 elegans,
454 2693 496 2736 aed
523 2705 569 2735 non
595 2705 696 2748 prorsus
720 2692 865 2737 necessaria.
895 2693 919 2738 b.
964 2692 1052 2752 (lbid.)

41 2759 128 2822 quum]
141 2760 236 2822 arga.
249 2781 279 2794 -·
298 2775 373 2821 quum
391 2775 412 2810 s.
448 2760 495 2820 (De
506 2761 535 2806 Ρ.
546 2776 594 2808 uon
610 2763 669 2807 satls
681 2760 798 2816 constat.)
823 2762 908 2818 (ibid.)
926 2757 1051 2827 aethram]

41 2834 70 2877 de
90 2845 115 2891 g.
138 2832 203 2876 coui.
218 2825 246 2876 h.
267 2854 301 2865 -
320 2837 407 2876 astrue
425 2830 455 2876 A.
474 2853 510 2868 -
526 2839 599 2877 ostra
623 2833 703 2890 rega.
740 2829 794 2888 (64)
815 2853 844 2864 -
864 2832 918 2878 Iam
935 2833 1004 2878 milla
1021 2833 1052 2882 A.

41 2902 133 2960 (lbid.)
150 2897 260 2961 eaelum)
278 2901 309 2946 A.
330 2898 438 2958 (firmans
456 2899 519 2946 conl.
547 2901 586 2962 g.)
606 2901 630 2946 b.
651 2925 684 2935 -
703 2903 773 2946 eaelo
791 2902 870 2974 Fssgs.
889 2927 919 2942 -
937 2903 1051 2962 pueml'.

42 2995 75 3008 ·-
94 2971 192 3016 sonarit
215 2971 246 3018 A.
284 2967 339 3028 (65)
360 2995 393 3006 -
411 2971 543 3032 attingcrr't
562 2973 593 3018 A.
611 3013 617 3030 ,
636 2969 723 3030 (lbid.)
751 2971 851 3030 spicula
871 2971 953 3033 signi]
977 2975 1007 3019 de
1025 2987 1051 3034 g.

41 3043 107 3090 coni.
123 3041 161 3086 sb.
181 3065 215 3076 -
233 3041 339 3102 ringula
357 3041 443 3102 cignis
466 3043 497 3086 A.
517 3065 550 3076 ·-·
569 3042 721 3103 singulaque
742 3041 813 3102 ignia
829 3043 897 3102 FPg.
934 3041 992 3102 (66)
1010 3045 1053 3090 ds·

41 3109 112 3170 runt]
142 3111 173 3156 A.
203 3120 236 3156 =
264 3109 371 3158 dcerunt
387 3106 446 3172 (F.)
467 3111 543 3170 Pgsb.
592 3110 649 3171 (68)
670 3133 700 3144 ·-
720 3113 823 3172 egocerc'
843 3110 950 3172 cytharae
967 3113 999 3160 A.
1018 3139 1051 3150 -

40 3183 144 3243 agoters'
157 3177 293 3226 either-eius
310 3181 340 3226 Ρ.
378 3177 432 3239 (69)
450 3179 749 3242 Horridue](r.)1²gsb.
768 3201 803 3214 -
822 3179 926 3228 Umt'dus
942 3181 1000 3242 (sic)
1019 3185 1051 3238 A.

41 3251 128 3308 (lbid.)
146 3256 174 3294 at
191 3248 302 3312 gelidos]
320 3251 376 3311 gab.
397 3272 427 3284 -·
447 3251 481 3296 ad
500 3252 553 3312 geli
571 3267 599 3298 oa
612 3253 662 3298 ΕΡ.
681 3273 717 3287 -
734 3250 769 3299 ad
788 3251 900 3298 euclides
912 3254 942 3298 A.
963 3252 1052 3314 (lbid.)

40 3317 148 3380 imbres]
167 3323 196 3366 de
210 3333 237 3380 g.
256 3322 321 3366 toni.
341 3321 379 3367 sb.
397 3345 432 3357 —-
450 3321 522 3382 ignia
542 3322 562 3366 A
585 3323 631 3382 Pg.
669 3319 723 3378 (70)
742 3346 775 3358 -
793 3329 921 3382 conerutp.
942 3320 1001 3384 (ste)
1020 3326 1050 3372 A.

39 3385 154 3452 (71)-
173 3383 331 3436 recurretur
354 3396 427 3436 ostra
444 3391 475 3437 A.
524 3386 742 3453 (72)1100p0r0.]
761 3392 798 3438 lus
814 3393 844 3438 A.
867 3403 899 3436 =
919 3392 1052 3454 Hesperus

40 3462 107 3508 Cett.
145 3461 229 3518 (lbid.)
248 3458 404 3522 rignoseret
420 3459 505 3521 quum]
523 3462 603 3521 Frgs.
623 3487 656 3496 -
674 3463 753 3522 rigna
770 3459 850 3522 refert
864 3463 888 3507 b.
909 3487 943 3498 —-
961 3467 1052 3526 cignea

38 3531 147 3575 lebetum
174 3543 232 3576 eum
257 3531 275 3576 i.
301 3547 324 3578 e.
347 3543 378 3576 =
398 3532 476 3593 algua
491 3530 577 3588 dubit,
597 3546 671 3592 quum
689 3533 720 3576 A.
764 3525 858 3594 (thiu.)
876 3530 969 3593 lucifer
992 3533 1051 3595 oro]

39 3601 107 3662 I'Pg.
134 3605 259 3656 corrupte.
281 3623 310 3633 -
336 3597 430 3660 luct'ser
448 3615 541 3648 eurora
564 3600 621 3660 (sie)
643 3602 673 3646 A.
693 3612 731 3650 mo
748 3600 857 3661 detersero
874 3616 918 3649 ura
937 3619 957 3648 s.
985 3605 1049 3650 conl.

41 3693 67 3704 -
92 3673 149 3716 luca
168 3671 259 3730 priore
279 3671 307 3716 de
329 3675 353 3731 g.
382 3672 447 3716 coni.
468 3672 492 3716 b.
536 3669 595 3730 (73)
613 3669 771 3732 Ingreditur]
791 3673 886 3732 I'I'gsb.
905 3683 944 3720 w
960 3674 1049 3734 Ingre-

38 3740 113 3786 atem
130 3739 162 3784 A.
198 3741 226 3786 lu
240 3742 342 3786 lectione
364 3741 394 3786 A.
408 3743 466 3786 latet
481 3742 600 3789 tortasse:
620 3752 659 3790 mo
676 3757 750 3802 quum
767 3741 872 3802 Lucc'ser
887 3742 959 3788 audit
975 3743 1007 3800 (i.
1025 3759 1048 3790 e.

38 3801 206 3870 appellatur),
234 3809 387 3872 Ingrediens
407 3809 490 3858 venno
514 3819 561 3858 cet.
598 3809 654 3872 (Il)
684 3835 713 3844 -
742 3811 870 3858 aethereos
888 3813 917 3856 F.
959 3808 1051 3876 (lbid.)

37 3881 174 3928 I'ortasse:
194 3891 233 3928 eto
253 3887 350 3926 noctem
369 3880 496 3926 inducere.
534 3881 592 3938 (75)
610 3897 666 3928 ecce
686 3881 748 3927 hoec
768 3873 907 3943 Cytherea)
919 3879 975 3940 (F.)
993 3882 1050 3942 gsb.

39 3966 93 3998 ecee
123 3945 253 4010 Cytherea
277 3952 308 3998 P.
328 3975 361 3986 ·—
380 3951 499 3996 exoriens
521 3949 584 3996 haec
605 3951 771 4014 caecytherca
788 3953 818 3998 A.
855 3949 914 4008 (76)
932 3976 954 3986 -
976 3950 1048 4013 hym-

39 4020 93 4069 brcs
123 4021 155 4067 Ρ.
177 4045 210 4058 -
238 4035 326 4070 curere
348 4021 442 4068 imbres
468 4027 492 4068 et
510 4019 630 4084 fulgere]
645 4021 706 4082 (sic)
733 4023 913 4070 coenaenonatm
935 4023 993 4082 (sic)
1015 4024 1045 4072 A.
