2776 4718
325 312 387 377 22⁶

326 454 423 517 Hune
445 473 523 538 ager
545 473 615 516 cum
637 451 874 535 parturiret
895 451 963 533 ipsa
986 450 1126 532 suscepit
1148 449 1229 514 simi

326 557 401 638 lpsa
422 555 538 620 florum
561 555 760 641 deligatis
783 555 929 619 educavit
950 553 1069 618 osculis

328 657 411 724 Cras
427 670 509 722 amet
524 658 752 744 quicunquam
768 657 885 722 amavit
900 655 1152 741 quiqueamavit
1165 667 1314 719 erasamet

327 763 413 826 Ecce
433 761 495 824 iam
518 783 616 844 super
638 774 786 846 genestas
808 760 948 844 explicat
969 760 1053 824 aeuii
1075 761 1156 822 latus

329 865 473 948 Quisque
494 875 608 927 tutus
630 887 695 950 quo
717 875 845 928 tenetur
866 861 1080 948 coniugali
1101 864 1256 926 saedere

328 969 447 1030 Subter
462 970 589 1030 umbras
612 989 681 1032 cum
698 967 818 1030 maritis
841 987 932 1030 ecce
953 968 1163 1034 balantum
1184 965 1315 1051 gregis

329 1071 373 1134 Et
394 1091 572 1133 eauoras
595 1091 658 1133 uon
680 1082 788 1133 tacere
809 1069 884 1132 diva
906 1069 997 1134 iussit
1018 1069 1108 1132 alites
1168 1129 1171 1134 .

230 1241 235 1252 ,
330 1173 398 1236 Iam
420 1173 572 1258 loquaces
586 1193 644 1237 ore
659 1193 758 1237 ratleo
782 1183 956 1258 staugua
971 1174 1064 1257 quin
1075 1173 1112 1237 ni
1127 1182 1316 1257 perstrepunt

328 1278 515 1340 Adsonat
536 1275 646 1338 terei
668 1276 800 1358 puella
822 1278 964 1340 subter
986 1279 1128 1340 umbram
1151 1273 1289 1359 pupuli

329 1379 374 1442 Ut
392 1390 513 1460 putes
535 1390 639 1442 motus
661 1378 777 1443 amoris
801 1400 860 1442 ore
882 1379 1048 1443 dicimus
1070 1380 1159 1444 sico

330 1481 381 1544 Et
402 1501 501 1566 neges
523 1480 657 1566 queris
680 1503 828 1546 sororem
851 1485 889 1546 de
913 1483 1028 1546 marito
1051 1485 1190 1546 barbaro

329 1583 391 1648 Illa
411 1595 516 1648 cantat
537 1605 595 1649 uos
617 1595 755 1649 tacemus
778 1607 881 1670 quau
902 1585 972 1668 vir,
987 1585 1073 1648 venit
1095 1607 1195 1649 meum

331 1686 467 1768 Quando
489 1687 584 1752 liam
606 1699 647 1752 ut
668 1689 912 1754 caelidonut
933 1700 1076 1752 tacere
1099 1688 1232 1752 desinam

327 1789 549 1854 Perdimus
572 1813 629 1854 am
650 1795 825 1856 tacendo
850 1814 921 1854 ucc
943 1813 992 1854 me
1014 1793 1130 1856 foebus
1152 1791 1275 1874 respicit

333 1890 386 1956 Sic
408 1893 577 1958 amiclas
599 1903 670 1958 cum
692 1907 812 1958 taceret
834 1895 1030 1976 perdedit
1051 1896 1207 1958 silentium

334 1993 566 2080 Crasxametqui
580 2019 738 2083 ultraquam
755 1997 872 2060 amavit
887 1997 1005 2082 quique
1019 1998 1135 2062 amavit
1150 2019 1218 2062 eras
1233 2008 1318 2060 acret.

385 2197 427 2244 tl.
446 2196 589 2258 Pardimus]
608 2213 622 2242 a
640 2213 689 2244 sec,
708 2214 741 2242 m.
762 2211 884 2255 superscr.
905 2199 948 2254 dm
967 2208 991 2246 ut
1009 2203 1040 2246 sit
1055 2199 1220 2258 perdidimus.
