<?xml version="1.0" encoding="UTF-8"?>
<!DOCTYPE html PUBLIC "-//W3C//DTD XHTML 1.0 Transitional//EN"
    "http://www.w3.org/TR/xhtml1/DTD/xhtml1-transitional.dtd">
<html xmlns="http://www.w3.org/1999/xhtml" xml:lang="en" lang="en">
 <head>
  <title>
</title>
<meta http-equiv="Content-Type" content="text/html;charset=utf-8" />
  <meta name='ocr-system' content='tesseract 3.04.00' />
  <meta name='ocr-capabilities' content='ocr_page ocr_carea ocr_par ocr_line ocrx_word'/>
</head>
<body>
  <div class='ocr_page' id='page_1' title='image "./phaedriaugliber00phaegoog_0186.png"; bbox 0 0 2776 4718; ppageno 0'>
   <div class='ocr_carea' id='block_1_1' title="bbox 831 332 840 358">
    <p class='ocr_par' dir='ltr' id='par_1_1' title="bbox 831 332 840 358">
     <span class='ocr_line' id='line_1_1' title="bbox 831 332 840 358; baseline 0 -5"><span class='ocrx_word' id='word_1_1' title='bbox 831 332 840 358; x_wconf 72' lang='lat' dir='ltr'><strong>i</strong></span> 
     </span>
    </p>
   </div>
   <div class='ocr_carea' id='block_1_2' title="bbox 90 471 1108 2132">
    <p class='ocr_par' dir='ltr' id='par_1_2' title="bbox 92 471 1108 967">
     <span class='ocr_line' id='line_1_2' title="bbox 92 471 1108 556; baseline 0.002 -23"><span class='ocrx_word' id='word_1_2' title='bbox 92 471 186 534; x_wconf 87' lang='lat' dir='ltr'><strong>Inter</strong></span> <span class='ocrx_word' id='word_1_3' title='bbox 199 493 233 534; x_wconf 85' lang='lat' dir='ltr'><strong>se</strong></span> <span class='ocrx_word' id='word_1_4' title='bbox 248 471 408 556; x_wconf 58' lang='lat' dir='ltr'><strong>aequalem</strong></span> <span class='ocrx_word' id='word_1_5' title='bbox 431 473 507 546; x_wconf 89' lang='lat' dir='ltr'><strong>duo,</strong></span> <span class='ocrx_word' id='word_1_6' title='bbox 532 493 667 554; x_wconf 85' lang='lat' dir='ltr'><strong>quorum</strong></span> <span class='ocrx_word' id='word_1_7' title='bbox 684 483 731 535; x_wconf 86' lang='lat' dir='ltr'><strong>est</strong></span> <span class='ocrx_word' id='word_1_8' title='bbox 747 473 882 536; x_wconf 77' lang='lat' dir='ltr'><strong>maxima</strong></span> <span class='ocrx_word' id='word_1_9' title='bbox 895 472 1021 546; x_wconf 76' lang='lat' dir='ltr'><strong>forma3</strong></span> <span class='ocrx_word' id='word_1_10' title='bbox 1045 472 1108 535; x_wconf 78' lang='lat'><strong>1150</strong></span> 
     </span>
     <span class='ocr_line' id='line_1_3' title="bbox 92 574 917 656; baseline 0.005 -20"><span class='ocrx_word' id='word_1_11' title='bbox 92 575 142 636; x_wconf 89' lang='lat' dir='ltr'><strong>Et</strong></span> <span class='ocrx_word' id='word_1_12' title='bbox 165 574 299 637; x_wconf 88' lang='lat' dir='ltr'><strong>totidem</strong></span> <span class='ocrx_word' id='word_1_13' title='bbox 322 596 448 648; x_wconf 86' lang='lat' dir='ltr'><strong>rursum</strong></span> <span class='ocrx_word' id='word_1_14' title='bbox 473 575 643 656; x_wconf 82' lang='lat' dir='ltr'><strong>praedictis</strong></span> <span class='ocrx_word' id='word_1_15' title='bbox 666 585 738 638; x_wconf 82' lang='lat' dir='ltr'><strong>ante</strong></span> <span class='ocrx_word' id='word_1_16' title='bbox 762 574 917 640; x_wconf 80' lang='lat' dir='ltr'><strong>minores.</strong></span> 
     </span>
     <span class='ocr_line' id='line_1_4' title="bbox 92 677 856 761; baseline 0.003 -23"><span class='ocrx_word' id='word_1_17' title='bbox 92 677 141 738; x_wconf 90' lang='lat' dir='ltr'><strong>Hi</strong></span> <span class='ocrx_word' id='word_1_18' title='bbox 159 698 291 758; x_wconf 82' lang='lat' dir='ltr'><strong>semper</strong></span> <span class='ocrx_word' id='word_1_19' title='bbox 315 677 447 752; x_wconf 87' lang='lat' dir='ltr'><strong>distant;</strong></span> <span class='ocrx_word' id='word_1_20' title='bbox 471 679 544 740; x_wconf 74' lang='lat' dir='ltr'><strong>illos</strong></span> <span class='ocrx_word' id='word_1_21' title='bbox 566 677 743 742; x_wconf 87' lang='lat' dir='ltr'><strong>communia</strong></span> <span class='ocrx_word' id='word_1_22' title='bbox 766 677 856 761; x_wconf 83' lang='lat' dir='ltr'><strong>signa</strong></span> 
     </span>
     <span class='ocr_line' id='line_1_5' title="bbox 93 757 1036 866; baseline 0 -22"><span class='ocrx_word' id='word_1_23' title='bbox 93 757 344 853; x_wconf 86' lang='lat' dir='ltr'><strong>Committunt;</strong></span> <span class='ocrx_word' id='word_1_24' title='bbox 351 803 414 864; x_wconf 85' lang='lat' dir='ltr'><strong>qua</strong></span> <span class='ocrx_word' id='word_1_25' title='bbox 437 803 471 844; x_wconf 77' lang='lat' dir='ltr'><strong>se</strong></span> <span class='ocrx_word' id='word_1_26' title='bbox 493 792 645 866; x_wconf 84' lang='lat' dir='ltr'><strong>tangunt,</strong></span> <span class='ocrx_word' id='word_1_27' title='bbox 669 802 746 861; x_wconf 86' lang='lat' dir='ltr'><strong>pars</strong></span> <span class='ocrx_word' id='word_1_28' title='bbox 770 801 870 866; x_wconf 88' lang='lat' dir='ltr'><strong>aequa</strong></span> <span class='ocrx_word' id='word_1_29' title='bbox 891 793 1036 844; x_wconf 84' lang='lat' dir='ltr'><strong>rotarum</strong></span> 
     </span>
     <span class='ocr_line' id='line_1_6' title="bbox 92 881 858 967; baseline -0.004 -20"><span class='ocrx_word' id='word_1_30' title='bbox 92 881 279 958; x_wconf 86' lang='lat' dir='ltr'><strong>Dividitur,</strong></span> <span class='ocrx_word' id='word_1_31' title='bbox 304 883 398 946; x_wconf 84' lang='lat' dir='ltr'><strong>binos</strong></span> <span class='ocrx_word' id='word_1_32' title='bbox 420 897 453 946; x_wconf 91' lang='lat' dir='ltr'><strong>ut</strong></span> <span class='ocrx_word' id='word_1_33' title='bbox 476 883 505 946; x_wconf 90' lang='lat' dir='ltr'><strong>si</strong></span> <span class='ocrx_word' id='word_1_34' title='bbox 527 884 582 967; x_wconf 93' lang='lat' dir='ltr'><strong>qui</strong></span> <span class='ocrx_word' id='word_1_35' title='bbox 604 885 731 946; x_wconf 83' lang='lat' dir='ltr'><strong>desecet</strong></span> <span class='ocrx_word' id='word_1_36' title='bbox 753 904 858 948; x_wconf 88' lang='lat' dir='ltr'><strong>arcus.</strong></span> 
     </span>
    </p>

    <p class='ocr_par' dir='ltr' id='par_1_3' title="bbox 90 984 1104 1360">
     <span class='ocr_line' id='line_1_7' title="bbox 137 984 1104 1070; baseline 0.004 -22"><span class='ocrx_word' id='word_1_37' title='bbox 137 984 310 1048; x_wconf 81' lang='lat' dir='ltr'><strong>Dissimilis</strong></span> <span class='ocrx_word' id='word_1_38' title='bbox 333 986 462 1070; x_wconf 84' lang='lat' dir='ltr'><strong>quintus</strong></span> <span class='ocrx_word' id='word_1_39' title='bbox 491 986 609 1070; x_wconf 83' lang='lat' dir='ltr'><strong>liquida</strong></span> <span class='ocrx_word' id='word_1_40' title='bbox 633 988 692 1048; x_wconf 81' lang='lat' dir='ltr'><strong>sub</strong></span> <span class='ocrx_word' id='word_1_41' title='bbox 714 998 809 1050; x_wconf 82' lang='lat' dir='ltr'><strong>noete</strong></span> <span class='ocrx_word' id='word_1_42' title='bbox 832 985 975 1064; x_wconf 84' lang='lat' dir='ltr'><strong>videtur,</strong></span> <span class='ocrx_word' id='word_1_43' title='bbox 1044 987 1104 1053; x_wconf 81' lang='grc'><strong>455</strong></span> 
     </span>
     <span class='ocr_line' id='line_1_8' title="bbox 93 1087 919 1174; baseline 0.006 -24"><span class='ocrx_word' id='word_1_44' title='bbox 93 1087 208 1151; x_wconf 87' lang='lat' dir='ltr'><strong>Sidera</strong></span> <span class='ocrx_word' id='word_1_45' title='bbox 231 1111 328 1172; x_wconf 91' lang='lat' dir='ltr'><strong>quum</strong></span> <span class='ocrx_word' id='word_1_46' title='bbox 351 1092 487 1151; x_wconf 87' lang='lat' dir='ltr'><strong>reddunt</strong></span> <span class='ocrx_word' id='word_1_47' title='bbox 509 1090 651 1153; x_wconf 83' lang='lat' dir='ltr'><strong>sinceros</strong></span> <span class='ocrx_word' id='word_1_48' title='bbox 674 1089 794 1152; x_wconf 87' lang='lat' dir='ltr'><strong>eminus</strong></span> <span class='ocrx_word' id='word_1_49' title='bbox 816 1089 919 1174; x_wconf 84' lang='lat' dir='ltr'><strong>ignes.</strong></span> 
     </span>
     <span class='ocr_line' id='line_1_9' title="bbox 92 1191 970 1268; baseline 0.003 -15"><span class='ocrx_word' id='word_1_50' title='bbox 92 1191 207 1254; x_wconf 86' lang='lat' dir='ltr'><strong>Laetis</strong></span> <span class='ocrx_word' id='word_1_51' title='bbox 231 1191 259 1254; x_wconf 86' lang='lat' dir='ltr'><strong>ei</strong></span> <span class='ocrx_word' id='word_1_52' title='bbox 282 1193 392 1268; x_wconf 83' lang='lat' dir='ltr'><strong>color,</strong></span> <span class='ocrx_word' id='word_1_53' title='bbox 418 1203 449 1254; x_wconf 88' lang='lat' dir='ltr'><strong>et</strong></span> <span class='ocrx_word' id='word_1_54' title='bbox 471 1191 581 1256; x_wconf 84' lang='lat' dir='ltr'><strong>mediis</strong></span> <span class='ocrx_word' id='word_1_55' title='bbox 604 1193 655 1255; x_wconf 89' lang='lat' dir='ltr'><strong>via</strong></span> <span class='ocrx_word' id='word_1_56' title='bbox 678 1193 763 1258; x_wconf 89' lang='lat' dir='ltr'><strong>lucet</strong></span> <span class='ocrx_word' id='word_1_57' title='bbox 783 1192 815 1254; x_wconf 90' lang='lat' dir='ltr'><strong>in</strong></span> <span class='ocrx_word' id='word_1_58' title='bbox 838 1191 970 1256; x_wconf 79' lang='lat' dir='ltr'><strong>umbria.</strong></span> 
     </span>
     <span class='ocr_line' id='line_1_10' title="bbox 90 1293 925 1360; baseline 0 -4"><span class='ocrx_word' id='word_1_59' title='bbox 90 1297 238 1356; x_wconf 81' lang='lat' dir='ltr'><strong>Lacteus</strong></span> <span class='ocrx_word' id='word_1_60' title='bbox 260 1293 313 1356; x_wconf 89' lang='lat' dir='ltr'><strong>hie</strong></span> <span class='ocrx_word' id='word_1_61' title='bbox 335 1294 424 1358; x_wconf 83' lang='lat' dir='ltr'><strong>orbis</strong></span> <span class='ocrx_word' id='word_1_62' title='bbox 446 1295 533 1358; x_wconf 85' lang='lat' dir='ltr'><strong>nullo</strong></span> <span class='ocrx_word' id='word_1_63' title='bbox 557 1295 661 1358; x_wconf 90' lang='lat' dir='ltr'><strong>minor</strong></span> <span class='ocrx_word' id='word_1_64' title='bbox 683 1297 763 1358; x_wconf 92' lang='lat' dir='ltr'><strong>orbe</strong></span> <span class='ocrx_word' id='word_1_65' title='bbox 785 1306 925 1360; x_wconf 88' lang='lat' dir='ltr'><strong>rotatur.</strong></span> 
     </span>
    </p>

    <p class='ocr_par' dir='ltr' id='par_1_4' title="bbox 90 1397 1103 2132">
     <span class='ocr_line' id='line_1_11' title="bbox 138 1397 976 1482; baseline -0.002 -20"><span class='ocrx_word' id='word_1_66' title='bbox 138 1397 269 1462; x_wconf 79' lang='lat' dir='ltr'><strong>Celsior</strong></span> <span class='ocrx_word' id='word_1_67' title='bbox 291 1399 331 1460; x_wconf 87' lang='lat' dir='ltr'><strong>ad</strong></span> <span class='ocrx_word' id='word_1_68' title='bbox 355 1399 484 1460; x_wconf 82' lang='lat' dir='ltr'><strong>Borean</strong></span> <span class='ocrx_word' id='word_1_69' title='bbox 507 1398 560 1480; x_wconf 86' lang='lat' dir='ltr'><strong>qui</strong></span> <span class='ocrx_word' id='word_1_70' title='bbox 584 1397 691 1482; x_wconf 80' lang='lat' dir='ltr'><strong>vergit</strong></span> <span class='ocrx_word' id='word_1_71' title='bbox 713 1397 869 1472; x_wconf 82' lang='lat' dir='ltr'><strong>circulus,</strong></span> <span class='ocrx_word' id='word_1_72' title='bbox 894 1398 976 1462; x_wconf 84' lang='lat' dir='ltr'><strong>altos</strong></span> 
     </span>
     <span class='ocr_line' id='line_1_12' title="bbox 92 1499 1103 1584; baseline -0.001 -21"><span class='ocrx_word' id='word_1_73' title='bbox 92 1502 139 1564; x_wconf 85' lang='lat' dir='ltr'><strong>Et</strong></span> <span class='ocrx_word' id='word_1_74' title='bbox 162 1500 289 1584; x_wconf 84' lang='lat' dir='ltr'><strong>peragit</strong></span> <span class='ocrx_word' id='word_1_75' title='bbox 309 1511 430 1564; x_wconf 87' lang='lat' dir='ltr'><strong>tractus</strong></span> <span class='ocrx_word' id='word_1_76' title='bbox 454 1500 565 1563; x_wconf 86' lang='lat' dir='ltr'><strong>vicinis</strong></span> <span class='ocrx_word' id='word_1_77' title='bbox 587 1502 672 1562; x_wconf 91' lang='lat' dir='ltr'><strong>haud</strong></span> <span class='ocrx_word' id='word_1_78' title='bbox 692 1501 808 1582; x_wconf 75' lang='lat' dir='ltr'><strong>procul</strong></span> <span class='ocrx_word' id='word_1_79' title='bbox 831 1499 923 1564; x_wconf 86' lang='lat' dir='ltr'><strong>Ursis</strong></span> <span class='ocrx_word' id='word_1_80' title='bbox 936 1545 953 1578; x_wconf 64' lang='lat'><em>„</em></span> <span class='ocrx_word' id='word_1_81' title='bbox 1041 1502 1103 1562; x_wconf 86' lang='grc'><strong>460</strong></span> 
     </span>
     <span class='ocr_line' id='line_1_13' title="bbox 91 1603 906 1689; baseline -0.001 -23"><span class='ocrx_word' id='word_1_82' title='bbox 91 1605 163 1666; x_wconf 89' lang='lat' dir='ltr'><strong>Per</strong></span> <span class='ocrx_word' id='word_1_83' title='bbox 185 1603 338 1666; x_wconf 87' lang='lat' dir='ltr'><strong>Geminos</strong></span> <span class='ocrx_word' id='word_1_84' title='bbox 361 1603 462 1666; x_wconf 84' lang='lat' dir='ltr'><strong>currit</strong></span> <span class='ocrx_word' id='word_1_85' title='bbox 485 1603 622 1676; x_wconf 85' lang='lat' dir='ltr'><strong>medios,</strong></span> <span class='ocrx_word' id='word_1_86' title='bbox 647 1603 781 1687; x_wconf 86' lang='lat' dir='ltr'><strong>vestigia</strong></span> <span class='ocrx_word' id='word_1_87' title='bbox 804 1603 906 1689; x_wconf 78' lang='lat' dir='ltr'><strong>tangit</strong></span> 
     </span>
     <span class='ocr_line' id='line_1_14' title="bbox 91 1689 905 1792; baseline -0.004 -21"><span class='ocrx_word' id='word_1_88' title='bbox 91 1707 241 1791; x_wconf 83' lang='lat' dir='ltr'><strong>Aurigae</strong></span> <span class='ocrx_word' id='word_1_89' title='bbox 263 1708 465 1792; x_wconf 84' lang='lat' dir='ltr'><strong>plantamque</strong></span> <span class='ocrx_word' id='word_1_90' title='bbox 487 1706 563 1770; x_wconf 92' lang='lat' dir='ltr'><strong>terit</strong></span> <span class='ocrx_word' id='word_1_91' title='bbox 586 1689 739 1770; x_wconf 72' lang='lat' dir='ltr'><strong>Perseida</strong></span> <span class='ocrx_word' id='word_1_92' title='bbox 763 1706 905 1781; x_wconf 88' lang='lat' dir='ltr'><strong>laevam,</strong></span> 
     </span>
     <span class='ocr_line' id='line_1_15' title="bbox 93 1810 1102 1892; baseline 0.001 -20"><span class='ocrx_word' id='word_1_93' title='bbox 93 1813 317 1872; x_wconf 87' lang='lat' dir='ltr'><strong>Transversae</strong></span> <span class='ocrx_word' id='word_1_94' title='bbox 341 1811 565 1874; x_wconf 81' lang='lat' dir='ltr'><strong>Andromedae</strong></span> <span class='ocrx_word' id='word_1_95' title='bbox 580 1810 679 1871; x_wconf 84' lang='lat' dir='ltr'><strong>latera</strong></span> <span class='ocrx_word' id='word_1_96' title='bbox 694 1820 829 1892; x_wconf 88' lang='lat' dir='ltr'><strong>utraque</strong></span> <span class='ocrx_word' id='word_1_97' title='bbox 846 1821 992 1890; x_wconf 74' lang='lat' dir='ltr'><strong>persecat</strong></span> <span class='ocrx_word' id='word_1_98' title='bbox 1013 1822 1102 1873; x_wconf 84' lang='lat' dir='ltr'><strong>actus</strong></span> 
     </span>
     <span class='ocr_line' id='line_1_16' title="bbox 91 1913 1102 1996; baseline 0 -21"><span class='ocrx_word' id='word_1_99' title='bbox 91 1915 173 1987; x_wconf 88' lang='lat' dir='ltr'><strong>†Et</strong></span> <span class='ocrx_word' id='word_1_100' title='bbox 195 1925 293 1976; x_wconf 85' lang='lat' dir='ltr'><strong>totam</strong></span> <span class='ocrx_word' id='word_1_101' title='bbox 316 1917 357 1976; x_wconf 87' lang='lat' dir='ltr'><strong>ab</strong></span> <span class='ocrx_word' id='word_1_102' title='bbox 378 1915 513 1976; x_wconf 82' lang='lat' dir='ltr'><strong>humero</strong></span> <span class='ocrx_word' id='word_1_103' title='bbox 536 1915 699 1974; x_wconf 84' lang='lat' dir='ltr'><strong>dextram:</strong></span> <span class='ocrx_word' id='word_1_104' title='bbox 724 1934 844 1974; x_wconf 84' lang='lat' dir='ltr'><strong>summa</strong></span> <span class='ocrx_word' id='word_1_105' title='bbox 868 1913 985 1996; x_wconf 86' lang='lat' dir='ltr'><strong>ungula</strong></span> <span class='ocrx_word' id='word_1_106' title='bbox 1006 1914 1102 1995; x_wconf 83' lang='lat' dir='ltr'><strong>pulsu</strong></span> 
     </span>
     <span class='ocr_line' id='line_1_17' title="bbox 90 2013 1097 2132; baseline -0.002 -52"><span class='ocrx_word' id='word_1_107' title='bbox 90 2019 117 2092; x_wconf 83' lang='lat'><strong>†</strong></span> <span class='ocrx_word' id='word_1_108' title='bbox 140 2015 267 2080; x_wconf 85' lang='lat' dir='ltr'><strong>Dividit</strong></span> <span class='ocrx_word' id='word_1_109' title='bbox 282 2027 314 2080; x_wconf 91' lang='lat' dir='ltr'><strong>et</strong></span> <span class='ocrx_word' id='word_1_110' title='bbox 330 2015 509 2101; x_wconf 81' lang='lat' dir='ltr'><strong>Sagittiferi</strong></span> <span class='ocrx_word' id='word_1_111' title='bbox 525 2015 657 2078; x_wconf 91' lang='lat' dir='ltr'><strong>medium</strong></span> <span class='ocrx_word' id='word_1_112' title='bbox 674 2013 815 2132; x_wconf 61' lang='lat' dir='ltr'><strong>pernicia</strong></span> <span class='ocrx_word' id='word_1_113' title='bbox 831 2037 924 2078; x_wconf 89' lang='lat' dir='ltr'><strong>crura</strong></span> <span class='ocrx_word' id='word_1_114' title='bbox 1035 2017 1097 2078; x_wconf 78' lang='grc'><strong>465</strong></span> 
     </span>
    </p>
   </div>
   <div class='ocr_carea' id='block_1_3' title="bbox 82 2255 1139 3856">
    <p class='ocr_par' dir='ltr' id='par_1_5' title="bbox 82 2255 1139 3854">
     <span class='ocr_line' id='line_1_18' title="bbox 89 2255 1099 2319; baseline -0.002 -17"><span class='ocrx_word' id='word_1_115' title='bbox 89 2257 141 2302; x_wconf 83' lang='lat' dir='ltr'><strong>duo</strong></span> <span class='ocrx_word' id='word_1_116' title='bbox 158 2271 261 2316; x_wconf 79' lang='lat' dir='ltr'><strong>quorum</strong></span> <span class='ocrx_word' id='word_1_117' title='bbox 279 2263 318 2302; x_wconf 84' lang='lat' dir='ltr'><strong>eat</strong></span> <span class='ocrx_word' id='word_1_118' title='bbox 331 2255 456 2316; x_wconf 79' lang='lat' dir='ltr'><strong>maximo]</strong></span> <span class='ocrx_word' id='word_1_119' title='bbox 475 2260 503 2302; x_wconf 86' lang='lat' dir='ltr'><strong>de</strong></span> <span class='ocrx_word' id='word_1_120' title='bbox 520 2271 545 2318; x_wconf 78' lang='lat' dir='ltr'><strong>g.</strong></span> <span class='ocrx_word' id='word_1_121' title='bbox 562 2261 625 2304; x_wconf 79' lang='lat' dir='ltr'><strong>coni.</strong></span> <span class='ocrx_word' id='word_1_122' title='bbox 642 2260 680 2304; x_wconf 84' lang='grc'><strong>44.</strong></span> <span class='ocrx_word' id='word_1_123' title='bbox 701 2283 734 2294; x_wconf 85' lang='lat'><strong>—-·</strong></span> <span class='ocrx_word' id='word_1_124' title='bbox 753 2259 871 2317; x_wconf 75' lang='lat' dir='ltr'><strong>aequulei</strong></span> <span class='ocrx_word' id='word_1_125' title='bbox 890 2263 1053 2319; x_wconf 60' lang='lat' dir='ltr'><strong>quorumeet</strong></span> <span class='ocrx_word' id='word_1_126' title='bbox 1066 2270 1099 2300; x_wconf 89' lang='lat' dir='ltr'><strong>m.</strong></span> 
     </span>
     <span class='ocr_line' id='line_1_19' title="bbox 90 2329 1103 2388; baseline -0.002 -16"><span class='ocrx_word' id='word_1_127' title='bbox 90 2329 165 2388; x_wconf 81' lang='lat' dir='ltr'><strong>EGg.</strong></span> <span class='ocrx_word' id='word_1_128' title='bbox 187 2353 218 2361; x_wconf 92' lang='lat'>-</span> <span class='ocrx_word' id='word_1_129' title='bbox 238 2329 355 2386; x_wconf 69' lang='lat' dir='ltr'><strong>aequales</strong></span> <span class='ocrx_word' id='word_1_130' title='bbox 379 2341 484 2386; x_wconf 82' lang='lat' dir='ltr'><strong>quorum</strong></span> <span class='ocrx_word' id='word_1_131' title='bbox 508 2335 546 2372; x_wconf 77' lang='lat' dir='ltr'><strong>eat</strong></span> <span class='ocrx_word' id='word_1_132' title='bbox 564 2336 588 2372; x_wconf 81' lang='lat' dir='ltr'><strong>ot</strong></span> <span class='ocrx_word' id='word_1_133' title='bbox 611 2343 645 2373; x_wconf 89' lang='lat' dir='ltr'><strong>m.</strong></span> <span class='ocrx_word' id='word_1_134' title='bbox 666 2329 696 2372; x_wconf 94' lang='lat' dir='ltr'><strong>A.</strong></span> <span class='ocrx_word' id='word_1_135' title='bbox 717 2352 739 2362; x_wconf 84' lang='lat'><em>-</em></span> <span class='ocrx_word' id='word_1_136' title='bbox 762 2329 879 2387; x_wconf 65' lang='lat' dir='ltr'><strong>aequales</strong></span> <span class='ocrx_word' id='word_1_137' title='bbox 905 2341 1010 2386; x_wconf 76' lang='lat' dir='ltr'><strong>quorum</strong></span> <span class='ocrx_word' id='word_1_138' title='bbox 1032 2331 1103 2370; x_wconf 71' lang='lat' dir='ltr'><strong>exto!</strong></span> 
     </span>
     <span class='ocr_line' id='line_1_20' title="bbox 90 2394 1101 2458; baseline -0.002 -16"><span class='ocrx_word' id='word_1_139' title='bbox 90 2413 127 2442; x_wconf 85' lang='lat' dir='ltr'><strong>m.</strong></span> <span class='ocrx_word' id='word_1_140' title='bbox 156 2399 186 2442; x_wconf 89' lang='lat' dir='ltr'><strong>B.</strong></span> <span class='ocrx_word' id='word_1_141' title='bbox 234 2394 310 2457; x_wconf 85' lang='grc'>(454)</span> <span class='ocrx_word' id='word_1_142' title='bbox 335 2397 435 2441; x_wconf 84' lang='lat' dir='ltr'><strong>totidem</strong></span> <span class='ocrx_word' id='word_1_143' title='bbox 456 2397 570 2456; x_wconf 71' lang='lat' dir='ltr'><strong>runcum]</strong></span> <span class='ocrx_word' id='word_1_144' title='bbox 588 2400 616 2442; x_wconf 87' lang='lat' dir='ltr'><strong>de</strong></span> <span class='ocrx_word' id='word_1_145' title='bbox 632 2411 656 2458; x_wconf 76' lang='lat' dir='ltr'><strong>g.</strong></span> <span class='ocrx_word' id='word_1_146' title='bbox 680 2398 743 2442; x_wconf 85' lang='lat' dir='ltr'><strong>coni.</strong></span> <span class='ocrx_word' id='word_1_147' title='bbox 761 2398 799 2442; x_wconf 84' lang='grc'><strong>44.</strong></span> <span class='ocrx_word' id='word_1_148' title='bbox 818 2419 854 2434; x_wconf 87' lang='lat'><em>-</em></span> <span class='ocrx_word' id='word_1_149' title='bbox 871 2396 972 2440; x_wconf 81' lang='lat' dir='ltr'><strong>totidem</strong></span> <span class='ocrx_word' id='word_1_150' title='bbox 990 2397 1056 2440; x_wconf 82' lang='lat' dir='ltr'><strong>iuter</strong></span> <span class='ocrx_word' id='word_1_151' title='bbox 1073 2410 1101 2440; x_wconf 80' lang='grc'><strong>44</strong></span> 
     </span>
     <span class='ocr_line' id='line_1_21' title="bbox 90 2464 1099 2526; baseline -0.003 -14"><span class='ocrx_word' id='word_1_152' title='bbox 90 2469 206 2526; x_wconf 78' lang='lat' dir='ltr'><strong>ABEGg.</strong></span> <span class='ocrx_word' id='word_1_153' title='bbox 243 2465 318 2523; x_wconf 79' lang='grc'>(452)</span> <span class='ocrx_word' id='word_1_154' title='bbox 340 2489 369 2500; x_wconf 86' lang='grc'><strong>-·</strong></span> <span class='ocrx_word' id='word_1_155' title='bbox 388 2465 448 2512; x_wconf 78' lang='lat' dir='ltr'><strong>Hiie</strong></span> <span class='ocrx_word' id='word_1_156' title='bbox 467 2468 497 2510; x_wconf 93' lang='lat' dir='ltr'><strong>A.</strong></span> <span class='ocrx_word' id='word_1_157' title='bbox 534 2465 620 2524; x_wconf 85' lang='grc'>(4444.)</span> <span class='ocrx_word' id='word_1_158' title='bbox 639 2464 745 2524; x_wconf 74' lang='lat' dir='ltr'><strong>distant]</strong></span> <span class='ocrx_word' id='word_1_159' title='bbox 765 2468 814 2510; x_wconf 87' lang='lat' dir='ltr'><strong>AB.</strong></span> <span class='ocrx_word' id='word_1_160' title='bbox 836 2464 874 2522; x_wconf 86' lang='lat' dir='ltr'><strong>(ut</strong></span> <span class='ocrx_word' id='word_1_161' title='bbox 891 2465 987 2510; x_wconf 87' lang='lat' dir='ltr'><strong>volebat</strong></span> <span class='ocrx_word' id='word_1_162' title='bbox 1004 2464 1042 2524; x_wconf 81' lang='lat' dir='ltr'><strong>g.)</strong></span> <span class='ocrx_word' id='word_1_163' title='bbox 1062 2466 1099 2510; x_wconf 88' lang='grc'><strong>44.</strong></span> 
     </span>
     <span class='ocr_line' id='line_1_22' title="bbox 91 2531 1134 2596; baseline -0.004 -14"><span class='ocrx_word' id='word_1_164' title='bbox 91 2564 126 2572; x_wconf 94' lang='lat'><em>-</em></span> <span class='ocrx_word' id='word_1_165' title='bbox 145 2537 243 2582; x_wconf 75' lang='lat' dir='ltr'><strong>dictant</strong></span> <span class='ocrx_word' id='word_1_166' title='bbox 266 2537 335 2596; x_wconf 80' lang='lat' dir='ltr'><strong>EGg.</strong></span> <span class='ocrx_word' id='word_1_167' title='bbox 373 2535 457 2592; x_wconf 87' lang='grc'>(1444.)</span> <span class='ocrx_word' id='word_1_168' title='bbox 484 2534 553 2594; x_wconf 71' lang='lat' dir='ltr'><strong>illos]</strong></span> <span class='ocrx_word' id='word_1_169' title='bbox 580 2536 699 2596; x_wconf 80' lang='lat' dir='ltr'><strong>AEGgsh.</strong></span> <span class='ocrx_word' id='word_1_170' title='bbox 728 2560 761 2568; x_wconf 97' lang='lat'><em>—</em></span> <span class='ocrx_word' id='word_1_171' title='bbox 785 2537 839 2579; x_wconf 73' lang='lat' dir='ltr'><strong>illie</strong></span> <span class='ocrx_word' id='word_1_172' title='bbox 865 2535 895 2578; x_wconf 84' lang='lat' dir='ltr'><strong>B.</strong></span> <span class='ocrx_word' id='word_1_173' title='bbox 943 2531 1017 2592; x_wconf 80' lang='grc'>(453)</span> <span class='ocrx_word' id='word_1_174' title='bbox 1042 2533 1101 2594; x_wconf 82' lang='lat' dir='ltr'><strong>quo]</strong></span> <span class='ocrx_word' id='word_1_175' title='bbox 1132 2579 1134 2588; x_wconf 65' lang='grc'>,</span> 
     </span>
     <span class='ocr_line' id='line_1_23' title="bbox 90 2601 1139 2667; baseline -0.005 -14"><span class='ocrx_word' id='word_1_176' title='bbox 90 2609 213 2666; x_wconf 78' lang='lat' dir='ltr'><strong>BEGgeb.</strong></span> <span class='ocrx_word' id='word_1_177' title='bbox 229 2621 337 2667; x_wconf 80' lang='lat' dir='ltr'><strong>—quoe</strong></span> <span class='ocrx_word' id='word_1_178' title='bbox 350 2607 379 2650; x_wconf 88' lang='lat' dir='ltr'><strong>A.</strong></span> <span class='ocrx_word' id='word_1_179' title='bbox 400 2603 681 2666; x_wconf 71' lang='lat' dir='ltr'><strong>(i5i)qui]A.=quia</strong></span> <span class='ocrx_word' id='word_1_180' title='bbox 695 2605 758 2650; x_wconf 78' lang='lat' dir='ltr'><strong>Ceu.</strong></span> <span class='ocrx_word' id='word_1_181' title='bbox 788 2601 1015 2660; x_wconf 72' lang='grc'>(455)]44444444144</span> <span class='ocrx_word' id='word_1_182' title='bbox 1029 2603 1100 2663; x_wconf 84' lang='lat' dir='ltr'><strong>quin·</strong></span> <span class='ocrx_word' id='word_1_183' title='bbox 1135 2652 1139 2661; x_wconf 41' lang='lat'>¹</span> 
     </span>
     <span class='ocr_line' id='line_1_24' title="bbox 90 2672 1101 2736; baseline -0.008 -12"><span class='ocrx_word' id='word_1_184' title='bbox 90 2685 133 2724; x_wconf 78' lang='lat' dir='ltr'><strong>tua</strong></span> <span class='ocrx_word' id='word_1_185' title='bbox 155 2678 283 2736; x_wconf 72' lang='lat' dir='ltr'><strong>(propriez</strong></span> <span class='ocrx_word' id='word_1_186' title='bbox 304 2673 441 2736; x_wconf 78' lang='lat' dir='ltr'><strong>quinctua)]</strong></span> <span class='ocrx_word' id='word_1_187' title='bbox 461 2677 489 2722; x_wconf 84' lang='lat' dir='ltr'><strong>A.</strong></span> <span class='ocrx_word' id='word_1_188' title='bbox 513 2685 546 2710; x_wconf 80' lang='lat'><strong>--&#39;</strong></span> <span class='ocrx_word' id='word_1_189' title='bbox 564 2676 710 2721; x_wconf 70' lang='lat' dir='ltr'><strong>Dissimilia</strong></span> <span class='ocrx_word' id='word_1_190' title='bbox 726 2676 823 2719; x_wconf 83' lang='lat' dir='ltr'><strong>cunetia</strong></span> <span class='ocrx_word' id='word_1_191' title='bbox 844 2673 943 2732; x_wconf 77' lang='lat' dir='ltr'><strong>EGgsb.</strong></span> <span class='ocrx_word' id='word_1_192' title='bbox 962 2672 1101 2733; x_wconf 75' lang='lat' dir='ltr'><strong>-Diaei-</strong></span> 
     </span>
     <span class='ocr_line' id='line_1_25' title="bbox 90 2743 1098 2804; baseline -0.004 -13"><span class='ocrx_word' id='word_1_193' title='bbox 90 2749 166 2791; x_wconf 76' lang='lat' dir='ltr'><strong>milae</strong></span> <span class='ocrx_word' id='word_1_194' title='bbox 195 2748 292 2792; x_wconf 73' lang='lat' dir='ltr'><strong>cunctis</strong></span> <span class='ocrx_word' id='word_1_195' title='bbox 312 2749 341 2791; x_wconf 89' lang='lat' dir='ltr'><strong>B.</strong></span> <span class='ocrx_word' id='word_1_196' title='bbox 364 2769 392 2779; x_wconf 95' lang='lat'><em>-</em></span> <span class='ocrx_word' id='word_1_197' title='bbox 413 2746 527 2790; x_wconf 77' lang='lat' dir='ltr'><strong>uidentur</strong></span> <span class='ocrx_word' id='word_1_198' title='bbox 545 2748 574 2790; x_wconf 89' lang='lat' dir='ltr'><strong>B.</strong></span> <span class='ocrx_word' id='word_1_199' title='bbox 621 2743 692 2804; x_wconf 86' lang='grc'>(456)</span> <span class='ocrx_word' id='word_1_200' title='bbox 718 2767 742 2781; x_wconf 84' lang='grc'>-</span> <span class='ocrx_word' id='word_1_201' title='bbox 762 2744 851 2789; x_wconf 87' lang='lat' dir='ltr'><strong>Sidere</strong></span> <span class='ocrx_word' id='word_1_202' title='bbox 876 2743 905 2787; x_wconf 92' lang='lat' dir='ltr'><strong>B.</strong></span> <span class='ocrx_word' id='word_1_203' title='bbox 927 2753 958 2786; x_wconf 90' lang='lat'>=</span> <span class='ocrx_word' id='word_1_204' title='bbox 979 2743 1050 2802; x_wconf 79' lang='lat' dir='ltr'><strong>ignia</strong></span> <span class='ocrx_word' id='word_1_205' title='bbox 1069 2743 1098 2788; x_wconf 88' lang='lat' dir='ltr'><strong>A.</strong></span> 
     </span>
     <span class='ocr_line' id='line_1_26' title="bbox 88 2809 1100 2878; baseline -0.007 -16"><span class='ocrx_word' id='word_1_206' title='bbox 88 2814 169 2878; x_wconf 80' lang='grc'>(457)</span> <span class='ocrx_word' id='word_1_207' title='bbox 187 2817 274 2862; x_wconf 74' lang='lat' dir='ltr'><strong>Loutia</strong></span> <span class='ocrx_word' id='word_1_208' title='bbox 292 2819 316 2861; x_wconf 83' lang='lat' dir='ltr'><strong>ei</strong></span> <span class='ocrx_word' id='word_1_209' title='bbox 334 2815 414 2876; x_wconf 84' lang='lat' dir='ltr'><strong>color]</strong></span> <span class='ocrx_word' id='word_1_210' title='bbox 431 2817 551 2875; x_wconf 78' lang='lat' dir='ltr'><strong>BEGgsb.</strong></span> <span class='ocrx_word' id='word_1_211' title='bbox 571 2836 602 2852; x_wconf 81' lang='grc' dir='ltr'><strong>ι·</strong></span> <span class='ocrx_word' id='word_1_212' title='bbox 620 2816 707 2860; x_wconf 70' lang='lat' dir='ltr'><strong>Laetis</strong></span> <span class='ocrx_word' id='word_1_213' title='bbox 730 2821 753 2858; x_wconf 78' lang='lat' dir='ltr'><strong>et</strong></span> <span class='ocrx_word' id='word_1_214' title='bbox 773 2817 844 2858; x_wconf 82' lang='lat' dir='ltr'><strong>color</strong></span> <span class='ocrx_word' id='word_1_215' title='bbox 868 2809 926 2870; x_wconf 81' lang='lat' dir='ltr'><strong>(sie)</strong></span> <span class='ocrx_word' id='word_1_216' title='bbox 945 2812 974 2856; x_wconf 88' lang='lat' dir='ltr'><strong>A.</strong></span> <span class='ocrx_word' id='word_1_217' title='bbox 1013 2811 1100 2870; x_wconf 87' lang='grc'>(4444.)</span> 
     </span>
     <span class='ocr_line' id='line_1_27' title="bbox 87 2879 1101 2945; baseline -0.005 -14"><span class='ocrx_word' id='word_1_218' title='bbox 87 2893 116 2931; x_wconf 82' lang='lat' dir='ltr'><strong>et</strong></span> <span class='ocrx_word' id='word_1_219' title='bbox 145 2886 238 2934; x_wconf 78' lang='lat' dir='ltr'><strong>mediie</strong></span> <span class='ocrx_word' id='word_1_220' title='bbox 264 2887 305 2932; x_wconf 77' lang='lat' dir='ltr'><strong>oio</strong></span> <span class='ocrx_word' id='word_1_221' title='bbox 330 2885 406 2945; x_wconf 78' lang='lat' dir='ltr'><strong>lueet]</strong></span> <span class='ocrx_word' id='word_1_222' title='bbox 434 2887 464 2930; x_wconf 92' lang='lat' dir='ltr'><strong>A.</strong></span> <span class='ocrx_word' id='word_1_223' title='bbox 485 2907 517 2921; x_wconf 70' lang='grc' dir='ltr'><strong>ι-</strong></span> <span class='ocrx_word' id='word_1_224' title='bbox 541 2891 592 2940; x_wconf 75' lang='lat' dir='ltr'><strong>eat,</strong></span> <span class='ocrx_word' id='word_1_225' title='bbox 624 2885 714 2930; x_wconf 70' lang='lat' dir='ltr'><strong>mediis</strong></span> <span class='ocrx_word' id='word_1_226' title='bbox 737 2881 784 2944; x_wconf 90' lang='grc'><strong>(-</strong></span> <span class='ocrx_word' id='word_1_227' title='bbox 811 2883 909 2927; x_wconf 74' lang='lat' dir='ltr'><strong>medina</strong></span> <span class='ocrx_word' id='word_1_228' title='bbox 926 2879 971 2938; x_wconf 84' lang='lat' dir='ltr'><strong>E.)</strong></span> <span class='ocrx_word' id='word_1_229' title='bbox 990 2887 1016 2926; x_wconf 82' lang='lat' dir='ltr'><strong>ut</strong></span> <span class='ocrx_word' id='word_1_230' title='bbox 1036 2883 1101 2926; x_wconf 83' lang='lat' dir='ltr'><strong>lueet</strong></span> 
     </span>
     <span class='ocr_line' id='line_1_28' title="bbox 87 2951 1098 3016; baseline -0.008 -14"><span class='ocrx_word' id='word_1_231' title='bbox 87 2957 183 3016; x_wconf 81' lang='lat' dir='ltr'><strong>BEGg.</strong></span> <span class='ocrx_word' id='word_1_232' title='bbox 208 2982 234 2992; x_wconf 94' lang='lat'>-</span> <span class='ocrx_word' id='word_1_233' title='bbox 256 2963 311 3011; x_wconf 80' lang='grc'>444,</span> <span class='ocrx_word' id='word_1_234' title='bbox 331 2957 423 3002; x_wconf 73' lang='lat' dir='ltr'><strong>medin</strong></span> <span class='ocrx_word' id='word_1_235' title='bbox 445 2963 468 3000; x_wconf 83' lang='lat' dir='ltr'><strong>et</strong></span> <span class='ocrx_word' id='word_1_236' title='bbox 484 2958 551 3000; x_wconf 77' lang='lat' dir='ltr'><strong>locet</strong></span> <span class='ocrx_word' id='word_1_237' title='bbox 568 2959 597 3000; x_wconf 84' lang='lat' dir='ltr'><strong>de</strong></span> <span class='ocrx_word' id='word_1_238' title='bbox 619 2969 644 3014; x_wconf 77' lang='lat' dir='ltr'><strong>g.</strong></span> <span class='ocrx_word' id='word_1_239' title='bbox 666 2956 728 3000; x_wconf 88' lang='lat' dir='ltr'><strong>coui.</strong></span> <span class='ocrx_word' id='word_1_240' title='bbox 749 2955 787 2998; x_wconf 86' lang='lat' dir='ltr'><strong>sb.</strong></span> <span class='ocrx_word' id='word_1_241' title='bbox 825 2951 900 3013; x_wconf 85' lang='grc'>(458)</span> <span class='ocrx_word' id='word_1_242' title='bbox 918 2953 987 3014; x_wconf 67' lang='lat' dir='ltr'><strong>nuto</strong></span> <span class='ocrx_word' id='word_1_243' title='bbox 1005 2951 1098 3010; x_wconf 79' lang='lat' dir='ltr'><strong>minor]</strong></span> 
     </span>
     <span class='ocr_line' id='line_1_29' title="bbox 87 3019 1099 3087; baseline -0.007 -14"><span class='ocrx_word' id='word_1_244' title='bbox 87 3029 121 3073; x_wconf 91' lang='lat' dir='ltr'><strong>A.</strong></span> <span class='ocrx_word' id='word_1_245' title='bbox 142 3027 241 3074; x_wconf 82' lang='lat' dir='ltr'><strong>firmans</strong></span> <span class='ocrx_word' id='word_1_246' title='bbox 259 3042 284 3087; x_wconf 72' lang='lat' dir='ltr'><strong>g.</strong></span> <span class='ocrx_word' id='word_1_247' title='bbox 299 3029 362 3071; x_wconf 85' lang='lat' dir='ltr'><strong>coni.</strong></span> <span class='ocrx_word' id='word_1_248' title='bbox 377 3027 414 3074; x_wconf 87' lang='grc'><strong>44.</strong></span> <span class='ocrx_word' id='word_1_249' title='bbox 433 3051 465 3060; x_wconf 81' lang='grc'>-</span> <span class='ocrx_word' id='word_1_250' title='bbox 485 3027 553 3070; x_wconf 86' lang='lat' dir='ltr'><strong>nullo</strong></span> <span class='ocrx_word' id='word_1_251' title='bbox 568 3027 652 3070; x_wconf 79' lang='lat' dir='ltr'><strong>minua</strong></span> <span class='ocrx_word' id='word_1_252' title='bbox 671 3023 761 3082; x_wconf 77' lang='lat' dir='ltr'><strong>BEGg.</strong></span> <span class='ocrx_word' id='word_1_253' title='bbox 799 3021 884 3081; x_wconf 89' lang='grc'>(4444.)</span> <span class='ocrx_word' id='word_1_254' title='bbox 903 3019 1099 3080; x_wconf 76' lang='lat' dir='ltr'><strong>rotator1BEG·</strong></span> 
     </span>
     <span class='ocr_line' id='line_1_30' title="bbox 88 3089 1100 3157; baseline -0.005 -16"><span class='ocrx_word' id='word_1_255' title='bbox 88 3097 146 3157; x_wconf 76' lang='lat' dir='ltr'><strong>gsb.</strong></span> <span class='ocrx_word' id='word_1_256' title='bbox 168 3124 200 3133; x_wconf 93' lang='lat'><em>-</em></span> <span class='ocrx_word' id='word_1_257' title='bbox 218 3103 302 3144; x_wconf 77' lang='lat' dir='ltr'><strong>rotatu</strong></span> <span class='ocrx_word' id='word_1_258' title='bbox 320 3097 350 3140; x_wconf 93' lang='lat' dir='ltr'><strong>A.</strong></span> <span class='ocrx_word' id='word_1_259' title='bbox 394 3093 464 3151; x_wconf 73' lang='grc'>(459)</span> <span class='ocrx_word' id='word_1_260' title='bbox 485 3095 643 3151; x_wconf 69' lang='grc'>0444444444</span> <span class='ocrx_word' id='word_1_261' title='bbox 665 3101 714 3141; x_wconf 80' lang='lat' dir='ltr'><strong>tres</strong></span> <span class='ocrx_word' id='word_1_262' title='bbox 731 3092 772 3138; x_wconf 55' lang='lat' dir='ltr'><strong>vv(</strong></span> <span class='ocrx_word' id='word_1_263' title='bbox 791 3090 937 3138; x_wconf 81' lang='grc'>459-461.</span> <span class='ocrx_word' id='word_1_264' title='bbox 957 3093 988 3137; x_wconf 84' lang='lat' dir='ltr'><strong>A.</strong></span> <span class='ocrx_word' id='word_1_265' title='bbox 1026 3089 1100 3150; x_wconf 87' lang='grc'>(461)</span> 
     </span>
     <span class='ocr_line' id='line_1_31' title="bbox 86 3159 1100 3224; baseline -0.006 -12"><span class='ocrx_word' id='word_1_266' title='bbox 86 3167 141 3212; x_wconf 78' lang='lat' dir='ltr'><strong>Per</strong></span> <span class='ocrx_word' id='word_1_267' title='bbox 160 3167 280 3214; x_wconf 72' lang='lat' dir='ltr'><strong>Geminos</strong></span> <span class='ocrx_word' id='word_1_268' title='bbox 298 3167 381 3210; x_wconf 81' lang='lat' dir='ltr'><strong>currit</strong></span> <span class='ocrx_word' id='word_1_269' title='bbox 405 3163 511 3224; x_wconf 69' lang='lat' dir='ltr'><strong>medion]</strong></span> <span class='ocrx_word' id='word_1_270' title='bbox 530 3165 649 3224; x_wconf 68' lang='lat' dir='ltr'><strong>BEGgsh.</strong></span> <span class='ocrx_word' id='word_1_271' title='bbox 675 3186 709 3197; x_wconf 94' lang='lat'>-</span> <span class='ocrx_word' id='word_1_272' title='bbox 737 3163 786 3208; x_wconf 82' lang='lat' dir='ltr'><strong>Per</strong></span> <span class='ocrx_word' id='word_1_273' title='bbox 801 3161 965 3210; x_wconf 80' lang='lat' dir='ltr'><strong>Geminorum</strong></span> <span class='ocrx_word' id='word_1_274' title='bbox 982 3159 1100 3206; x_wconf 78' lang='lat' dir='ltr'><strong>Aumeroa</strong></span> 
     </span>
     <span class='ocr_line' id='line_1_32' title="bbox 87 3227 1097 3296; baseline -0.006 -16"><span class='ocrx_word' id='word_1_275' title='bbox 87 3240 175 3282; x_wconf 81' lang='lat' dir='ltr'><strong>currit</strong></span> <span class='ocrx_word' id='word_1_276' title='bbox 203 3253 227 3296; x_wconf 77' lang='lat' dir='ltr'><strong>g.</strong></span> <span class='ocrx_word' id='word_1_277' title='bbox 259 3249 326 3292; x_wconf 82' lang='lat' dir='ltr'><strong>susp.</strong></span> <span class='ocrx_word' id='word_1_278' title='bbox 378 3233 560 3294; x_wconf 63' lang='lat' dir='ltr'><strong>(ifissi&#39;l&#39;otum</strong></span> <span class='ocrx_word' id='word_1_279' title='bbox 580 3236 603 3279; x_wconf 88' lang='lat' dir='ltr'><strong>h.</strong></span> <span class='ocrx_word' id='word_1_280' title='bbox 626 3238 642 3279; x_wconf 92' lang='grc' dir='ltr'>Ι.</span> <span class='ocrx_word' id='word_1_281' title='bbox 659 3241 798 3290; x_wconf 85' lang='lat' dir='ltr'><strong>corruptum</strong></span> <span class='ocrx_word' id='word_1_282' title='bbox 816 3248 840 3278; x_wconf 77' lang='lat' dir='ltr'><strong>v.</strong></span> <span class='ocrx_word' id='word_1_283' title='bbox 861 3227 1006 3278; x_wconf 79' lang='grc'>462-475.</span> <span class='ocrx_word' id='word_1_284' title='bbox 1027 3233 1097 3286; x_wconf 85' lang='lat' dir='ltr'><strong>dedi,</strong></span> 
     </span>
     <span class='ocr_line' id='line_1_33' title="bbox 87 3303 1100 3366; baseline -0.007 -14"><span class='ocrx_word' id='word_1_285' title='bbox 87 3313 206 3366; x_wconf 80' lang='lat' dir='ltr'><strong>qnantum</strong></span> <span class='ocrx_word' id='word_1_286' title='bbox 223 3307 276 3350; x_wconf 84' lang='lat' dir='ltr'><strong>fieri</strong></span> <span class='ocrx_word' id='word_1_287' title='bbox 294 3312 405 3362; x_wconf 74' lang='lat' dir='ltr'><strong>poterat„</strong></span> <span class='ocrx_word' id='word_1_288' title='bbox 423 3319 436 3350; x_wconf 89' lang='lat' dir='ltr'><strong>e</strong></span> <span class='ocrx_word' id='word_1_289' title='bbox 456 3306 500 3350; x_wconf 87' lang='lat' dir='ltr'><strong>Cd.</strong></span> <span class='ocrx_word' id='word_1_290' title='bbox 521 3307 566 3358; x_wconf 90' lang='lat' dir='ltr'><strong>A.,</strong></span> <span class='ocrx_word' id='word_1_291' title='bbox 587 3306 627 3362; x_wconf 88' lang='lat' dir='ltr'><strong>qui</strong></span> <span class='ocrx_word' id='word_1_292' title='bbox 642 3309 738 3360; x_wconf 78' lang='lat' dir='ltr'><strong>praeter</strong></span> <span class='ocrx_word' id='word_1_293' title='bbox 759 3309 853 3347; x_wconf 83' lang='lat' dir='ltr'><strong>ceteros</strong></span> <span class='ocrx_word' id='word_1_294' title='bbox 867 3303 979 3347; x_wconf 85' lang='lat' dir='ltr'><strong>&#39;veritatis</strong></span> <span class='ocrx_word' id='word_1_295' title='bbox 999 3303 1100 3362; x_wconf 74' lang='lat' dir='ltr'><strong>vestigia</strong></span> 
     </span>
     <span class='ocr_line' id='line_1_34' title="bbox 87 3373 1096 3434; baseline -0.009 -11"><span class='ocrx_word' id='word_1_296' title='bbox 87 3393 191 3424; x_wconf 83' lang='lat' dir='ltr'><strong>servare</strong></span> <span class='ocrx_word' id='word_1_297' title='bbox 209 3376 343 3421; x_wconf 84' lang='lat' dir='ltr'><strong>videbatur.</strong></span> <span class='ocrx_word' id='word_1_298' title='bbox 381 3373 468 3432; x_wconf 87' lang='grc'>(4444.)</span> <span class='ocrx_word' id='word_1_299' title='bbox 488 3373 557 3434; x_wconf 85' lang='lat' dir='ltr'><strong>terit]</strong></span> <span class='ocrx_word' id='word_1_300' title='bbox 571 3376 600 3418; x_wconf 92' lang='lat' dir='ltr'><strong>A.</strong></span> <span class='ocrx_word' id='word_1_301' title='bbox 621 3395 654 3406; x_wconf 92' lang='lat'>-</span> <span class='ocrx_word' id='word_1_302' title='bbox 672 3375 735 3434; x_wconf 83' lang='lat' dir='ltr'><strong>tegit</strong></span> <span class='ocrx_word' id='word_1_303' title='bbox 744 3373 842 3432; x_wconf 83' lang='lat' dir='ltr'><strong>BEng</strong></span> <span class='ocrx_word' id='word_1_304' title='bbox 868 3391 903 3404; x_wconf 72' lang='lat'><strong>..‚</strong></span> <span class='ocrx_word' id='word_1_305' title='bbox 922 3373 1096 3432; x_wconf 60' lang='grc'>1454444044.</span> 
     </span>
     <span class='ocr_line' id='line_1_35' title="bbox 88 3439 1100 3506; baseline -0.008 -15"><span class='ocrx_word' id='word_1_306' title='bbox 88 3472 122 3482; x_wconf 97' lang='lat'>-</span> <span class='ocrx_word' id='word_1_307' title='bbox 137 3446 247 3506; x_wconf 79' lang='lat' dir='ltr'><strong>pereidu</strong></span> <span class='ocrx_word' id='word_1_308' title='bbox 274 3446 304 3490; x_wconf 92' lang='lat' dir='ltr'><strong>A.</strong></span> <span class='ocrx_word' id='word_1_309' title='bbox 342 3443 431 3503; x_wconf 86' lang='grc'>(4444.)</span> <span class='ocrx_word' id='word_1_310' title='bbox 453 3443 561 3503; x_wconf 77' lang='lat' dir='ltr'><strong>loeium]</strong></span> <span class='ocrx_word' id='word_1_311' title='bbox 590 3445 640 3488; x_wconf 90' lang='lat' dir='ltr'><strong>AB.</strong></span> <span class='ocrx_word' id='word_1_312' title='bbox 671 3448 709 3492; x_wconf 88' lang='lat' dir='ltr'><strong>(ut</strong></span> <span class='ocrx_word' id='word_1_313' title='bbox 734 3442 830 3488; x_wconf 78' lang='lat' dir='ltr'><strong>volebat</strong></span> <span class='ocrx_word' id='word_1_314' title='bbox 855 3439 894 3500; x_wconf 77' lang='lat' dir='ltr'><strong>g.)</strong></span> <span class='ocrx_word' id='word_1_315' title='bbox 918 3442 955 3485; x_wconf 86' lang='lat' dir='ltr'><strong>sb.</strong></span> <span class='ocrx_word' id='word_1_316' title='bbox 976 3442 1100 3500; x_wconf 29' lang='lat' dir='ltr'><strong>&amp;loeva</strong></span> 
     </span>
     <span class='ocr_line' id='line_1_36' title="bbox 84 3511 1098 3576; baseline -0.008 -15"><span class='ocrx_word' id='word_1_317' title='bbox 84 3517 159 3576; x_wconf 75' lang='lat' dir='ltr'><strong>EGg.</strong></span> <span class='ocrx_word' id='word_1_318' title='bbox 198 3511 272 3574; x_wconf 83' lang='grc'>(463)</span> <span class='ocrx_word' id='word_1_319' title='bbox 291 3516 369 3561; x_wconf 81' lang='lat' dir='ltr'><strong>Groui</strong></span> <span class='ocrx_word' id='word_1_320' title='bbox 389 3516 432 3569; x_wconf 79' lang='lat' dir='ltr'><strong>(z</strong></span> <span class='ocrx_word' id='word_1_321' title='bbox 453 3515 544 3568; x_wconf 80' lang='lat' dir='ltr'><strong>Buhtii)</strong></span> <span class='ocrx_word' id='word_1_322' title='bbox 563 3520 587 3560; x_wconf 81' lang='lat' dir='ltr'><strong>et</strong></span> <span class='ocrx_word' id='word_1_323' title='bbox 607 3513 747 3558; x_wconf 77' lang='lat' dir='ltr'><strong>Schwarizii</strong></span> <span class='ocrx_word' id='word_1_324' title='bbox 768 3515 873 3556; x_wconf 84' lang='lat' dir='ltr'><strong>rationes</strong></span> <span class='ocrx_word' id='word_1_325' title='bbox 898 3514 1023 3567; x_wconf 81' lang='lat' dir='ltr'><strong>postmodo</strong></span> <span class='ocrx_word' id='word_1_326' title='bbox 1047 3513 1098 3554; x_wconf 89' lang='lat' dir='ltr'><strong>iuu-</strong></span> 
     </span>
     <span class='ocr_line' id='line_1_37' title="bbox 86 3584 1097 3640; baseline -0.009 -10"><span class='ocrx_word' id='word_1_327' title='bbox 86 3588 147 3631; x_wconf 86' lang='lat' dir='ltr'><strong>etim</strong></span> <span class='ocrx_word' id='word_1_328' title='bbox 165 3588 236 3630; x_wconf 87' lang='lat' dir='ltr'><strong>dabo.</strong></span> <span class='ocrx_word' id='word_1_329' title='bbox 276 3587 321 3630; x_wconf 85' lang='lat' dir='ltr'><strong>Hic</strong></span> <span class='ocrx_word' id='word_1_330' title='bbox 347 3585 407 3630; x_wconf 89' lang='lat' dir='ltr'><strong>Cdd.</strong></span> <span class='ocrx_word' id='word_1_331' title='bbox 430 3587 553 3628; x_wconf 79' lang='lat' dir='ltr'><strong>dumtaxat</strong></span> <span class='ocrx_word' id='word_1_332' title='bbox 573 3585 687 3630; x_wconf 87' lang='lat' dir='ltr'><strong>lectiones</strong></span> <span class='ocrx_word' id='word_1_333' title='bbox 714 3589 794 3627; x_wconf 88' lang='lat' dir='ltr'><strong>euoto.</strong></span> <span class='ocrx_word' id='word_1_334' title='bbox 816 3584 898 3626; x_wconf 78' lang='lat' dir='ltr'><strong>latero</strong></span> <span class='ocrx_word' id='word_1_335' title='bbox 916 3586 1020 3640; x_wconf 79' lang='lat' dir='ltr'><strong>utraque</strong></span> <span class='ocrx_word' id='word_1_336' title='bbox 1039 3595 1097 3637; x_wconf 81' lang='lat' dir='ltr'><strong>per-</strong></span> 
     </span>
     <span class='ocr_line' id='line_1_38' title="bbox 84 3647 1097 3714; baseline -0.009 -13"><span class='ocrx_word' id='word_1_337' title='bbox 84 3662 160 3702; x_wconf 74' lang='lat' dir='ltr'><strong>secat</strong></span> <span class='ocrx_word' id='word_1_338' title='bbox 177 3653 261 3714; x_wconf 77' lang='lat' dir='ltr'><strong>actua]</strong></span> <span class='ocrx_word' id='word_1_339' title='bbox 280 3657 309 3699; x_wconf 89' lang='lat' dir='ltr'><strong>A.</strong></span> <span class='ocrx_word' id='word_1_340' title='bbox 330 3679 363 3689; x_wconf 88' lang='lat'><em>-</em></span> <span class='ocrx_word' id='word_1_341' title='bbox 382 3660 453 3698; x_wconf 70' lang='lat' dir='ltr'><strong>secar</strong></span> <span class='ocrx_word' id='word_1_342' title='bbox 470 3660 574 3714; x_wconf 78' lang='lat' dir='ltr'><strong>utroque</strong></span> <span class='ocrx_word' id='word_1_343' title='bbox 597 3656 680 3698; x_wconf 78' lang='lat' dir='ltr'><strong>tutem</strong></span> <span class='ocrx_word' id='word_1_344' title='bbox 701 3657 768 3696; x_wconf 82' lang='lat' dir='ltr'><strong>tactu</strong></span> <span class='ocrx_word' id='word_1_345' title='bbox 785 3651 859 3696; x_wconf 79' lang='lat' dir='ltr'><strong>BEG.</strong></span> <span class='ocrx_word' id='word_1_346' title='bbox 909 3647 986 3710; x_wconf 87' lang='grc'>(464)</span> <span class='ocrx_word' id='word_1_347' title='bbox 1011 3648 1044 3694; x_wconf 76' lang='lat' dir='ltr'><strong>Er</strong></span> <span class='ocrx_word' id='word_1_348' title='bbox 1062 3655 1097 3692; x_wconf 85' lang='lat' dir='ltr'><strong>to·</strong></span> 
     </span>
     <span class='ocr_line' id='line_1_39' title="bbox 84 3718 1097 3783; baseline -0.008 -13"><span class='ocrx_word' id='word_1_349' title='bbox 84 3733 141 3770; x_wconf 77' lang='lat' dir='ltr'><strong>tum</strong></span> <span class='ocrx_word' id='word_1_350' title='bbox 160 3726 192 3770; x_wconf 82' lang='lat' dir='ltr'><strong>ob</strong></span> <span class='ocrx_word' id='word_1_351' title='bbox 213 3722 327 3783; x_wconf 79' lang='lat' dir='ltr'><strong>huinero]</strong></span> <span class='ocrx_word' id='word_1_352' title='bbox 346 3725 442 3770; x_wconf 86' lang='lat' dir='ltr'><strong>ABEG.</strong></span> <span class='ocrx_word' id='word_1_353' title='bbox 490 3726 536 3769; x_wconf 87' lang='lat' dir='ltr'><strong>Sed</strong></span> <span class='ocrx_word' id='word_1_354' title='bbox 558 3725 683 3782; x_wconf 79' lang='lat' dir='ltr'><strong>legendum</strong></span> <span class='ocrx_word' id='word_1_355' title='bbox 701 3736 754 3766; x_wconf 88' lang='lat' dir='ltr'><strong>oum</strong></span> <span class='ocrx_word' id='word_1_356' title='bbox 772 3735 793 3766; x_wconf 92' lang='grc'><strong>4.</strong></span> <span class='ocrx_word' id='word_1_357' title='bbox 813 3721 859 3766; x_wconf 79' lang='lat' dir='ltr'><strong>aba</strong></span> <span class='ocrx_word' id='word_1_358' title='bbox 876 3718 994 3773; x_wconf 77' lang='lat' dir='ltr'><strong>humero,</strong></span> <span class='ocrx_word' id='word_1_359' title='bbox 1015 3720 1097 3762; x_wconf 68' lang='lat' dir='ltr'><strong>vetos</strong></span> 
     </span>
     <span class='ocr_line' id='line_1_40' title="bbox 82 3785 1098 3856; baseline -0.011 -15"><span class='ocrx_word' id='word_1_360' title='bbox 82 3796 252 3841; x_wconf 67' lang='lat' dir='ltr'><strong>humanm—</strong></span> <span class='ocrx_word' id='word_1_361' title='bbox 223 3792 403 3856; x_wconf 71' lang='lat' dir='ltr'><strong>—dextrom]</strong></span> <span class='ocrx_word' id='word_1_362' title='bbox 422 3793 537 3838; x_wconf 85' lang='lat' dir='ltr'><strong>BEG.-</strong></span> <span class='ocrx_word' id='word_1_363' title='bbox 548 3792 688 3838; x_wconf 79' lang='lat' dir='ltr'><strong>dextraA.</strong></span> <span class='ocrx_word' id='word_1_364' title='bbox 726 3787 813 3847; x_wconf 87' lang='grc'>(4444.)</span> <span class='ocrx_word' id='word_1_365' title='bbox 827 3785 916 3850; x_wconf 71' lang='lat' dir='ltr'><strong>pulsu]</strong></span> <span class='ocrx_word' id='word_1_366' title='bbox 934 3793 962 3832; x_wconf 97' lang='lat' dir='ltr'><strong>A.</strong></span> <span class='ocrx_word' id='word_1_367' title='bbox 976 3801 1098 3831; x_wconf 80' lang='lat' dir='ltr'><strong>-curau</strong></span> 
     </span>
    </p>
   </div>
   <div class='ocr_carea' id='block_1_4' title="bbox 81 3857 1184 3926">
    <p class='ocr_par' dir='ltr' id='par_1_6' title="bbox 81 3857 1184 3926">
     <span class='ocr_line' id='line_1_41' title="bbox 81 3857 1184 3926; baseline -0.011 -14"><span class='ocrx_word' id='word_1_368' title='bbox 81 3867 178 3926; x_wconf 82' lang='lat' dir='ltr'><strong>BEGg.</strong></span> <span class='ocrx_word' id='word_1_369' title='bbox 223 3861 298 3922; x_wconf 84' lang='grc'>(465)</span> <span class='ocrx_word' id='word_1_370' title='bbox 317 3865 384 3908; x_wconf 84' lang='lat' dir='ltr'><strong>Hunc</strong></span> <span class='ocrx_word' id='word_1_371' title='bbox 408 3878 503 3920; x_wconf 87' lang='lat' dir='ltr'><strong>versum</strong></span> <span class='ocrx_word' id='word_1_372' title='bbox 531 3879 577 3907; x_wconf 91' lang='lat' dir='ltr'><strong>uon</strong></span> <span class='ocrx_word' id='word_1_373' title='bbox 603 3863 674 3907; x_wconf 79' lang='lat' dir='ltr'><strong>habet</strong></span> <span class='ocrx_word' id='word_1_374' title='bbox 698 3861 727 3906; x_wconf 91' lang='lat' dir='ltr'><strong>A.</strong></span> <span class='ocrx_word' id='word_1_375' title='bbox 777 3862 884 3912; x_wconf 74' lang='lat' dir='ltr'><strong>lituos,</strong></span> <span class='ocrx_word' id='word_1_376' title='bbox 910 3859 969 3902; x_wconf 86' lang='lat' dir='ltr'><strong>Cdd.</strong></span> <span class='ocrx_word' id='word_1_377' title='bbox 989 3857 1043 3902; x_wconf 84' lang='lat' dir='ltr'><strong>EG.</strong></span> <span class='ocrx_word' id='word_1_378' title='bbox 1064 3882 1096 3890; x_wconf 93' lang='lat'><em>-</em></span> <span class='ocrx_word' id='word_1_379' title='bbox 1177 3901 1184 3908; x_wconf 71' lang='grc'><strong>,</strong></span> 
     </span>
    </p>
   </div>
   <div class='ocr_carea' id='block_1_5' title="bbox 82 3925 1097 4066">
    <p class='ocr_par' dir='ltr' id='par_1_7' title="bbox 82 3925 1097 4066">
     <span class='ocr_line' id='line_1_42' title="bbox 83 3925 1097 3994; baseline -0.012 -13"><span class='ocrx_word' id='word_1_380' title='bbox 83 3932 194 3984; x_wconf 81' lang='lat' dir='ltr'><strong>Dividit</strong></span> <span class='ocrx_word' id='word_1_381' title='bbox 211 3942 284 3994; x_wconf 76' lang='lat' dir='ltr'><strong>utque</strong></span> <span class='ocrx_word' id='word_1_382' title='bbox 303 3930 446 3994; x_wconf 67' lang='lat' dir='ltr'><strong>sagittiferi</strong></span> <span class='ocrx_word' id='word_1_383' title='bbox 469 3933 588 3990; x_wconf 79' lang='lat' dir='ltr'><strong>pernicio</strong></span> <span class='ocrx_word' id='word_1_384' title='bbox 611 3945 689 3976; x_wconf 77' lang='lat' dir='ltr'><strong>crura</strong></span> <span class='ocrx_word' id='word_1_385' title='bbox 717 3945 765 3974; x_wconf 84' lang='grc' dir='ltr'>οιιι.</span> <span class='ocrx_word' id='word_1_386' title='bbox 786 3945 808 3973; x_wconf 88' lang='lat' dir='ltr'><strong>v.</strong></span> <span class='ocrx_word' id='word_1_387' title='bbox 828 3927 936 3972; x_wconf 80' lang='lat' dir='ltr'><strong>inedium</strong></span> <span class='ocrx_word' id='word_1_388' title='bbox 958 3929 986 3972; x_wconf 85' lang='lat' dir='ltr'><strong>B.</strong></span> <span class='ocrx_word' id='word_1_389' title='bbox 1023 3925 1097 3984; x_wconf 86' lang='grc'>(466)</span> 
     </span>
     <span class='ocr_line' id='line_1_43' title="bbox 82 3981 1095 4066; baseline -0.015 -10"><span class='ocrx_word' id='word_1_390' title='bbox 82 4008 165 4059; x_wconf 81' lang='lat' dir='ltr'><strong>Acria</strong></span> <span class='ocrx_word' id='word_1_391' title='bbox 184 4019 243 4066; x_wconf 79' lang='lat' dir='ltr'><strong>equi</strong></span> <span class='ocrx_word' id='word_1_392' title='bbox 238 4002 322 4064; x_wconf 82' lang='lat' dir='ltr'><strong>&#39;serit</strong></span> <span class='ocrx_word' id='word_1_393' title='bbox 338 4004 408 4049; x_wconf 68' lang='lat' dir='ltr'><strong>orbis</strong></span> <span class='ocrx_word' id='word_1_394' title='bbox 428 4000 498 4064; x_wconf 82' lang='lat' dir='ltr'><strong>iter]</strong></span> <span class='ocrx_word' id='word_1_395' title='bbox 505 4002 589 4048; x_wconf 90' lang='lat' dir='ltr'><strong>A.</strong></span> <span class='ocrx_word' id='word_1_396' title='bbox 578 4001 674 4048; x_wconf 84' lang='lat' dir='ltr'><strong>Hinc</strong></span> <span class='ocrx_word' id='word_1_397' title='bbox 686 4001 754 4045; x_wconf 69' lang='lat' dir='ltr'><strong>oliui</strong></span> <span class='ocrx_word' id='word_1_398' title='bbox 769 3981 843 4057; x_wconf 78' lang='lat' dir='ltr'><strong>rupit</strong></span> <span class='ocrx_word' id='word_1_399' title='bbox 857 3997 925 4042; x_wconf 75' lang='lat' dir='ltr'><strong>ordia</strong></span> <span class='ocrx_word' id='word_1_400' title='bbox 945 3997 993 4042; x_wconf 82' lang='lat' dir='ltr'><strong>iter</strong></span> <span class='ocrx_word' id='word_1_401' title='bbox 1005 3997 1095 4056; x_wconf 75' lang='lat' dir='ltr'><strong>uuog.</strong></span> 
     </span>
    </p>
   </div>
   <div class='ocr_carea' id='block_1_6' title="bbox 0 0 1392 4718">
    <p class='ocr_par' dir='ltr' id='par_1_8' title="bbox 0 0 1392 4718">
     <span class='ocr_line' id='line_1_44' title="bbox 0 0 1392 4718; baseline 0 2"><span class='ocrx_word' id='word_1_402' title='bbox 0 0 1392 4718; x_wconf 95' lang='lat' dir='ltr'><strong> </strong></span> 
     </span>
    </p>
   </div>
  </div>
 </body>
</html>
