2816 4716
747 537 845 598 [rte.
869 539 953 602 xva]
990 599 999 616 Ι

576 668 784 736 AESOPUS
812 671 874 736 ET
901 669 1107 738 DOMINA.

550 811 642 883 Quem
668 819 770 864 noceat
801 829 884 882 saepe
909 829 1008 892 verrup
1036 811 1137 874 dicere.

395 953 545 1034 Aesopus
569 949 658 1036 turpi
679 971 776 1038 quum
795 950 934 1016 serviret
956 950 1109 1025 Feminae,

353 1056 443 1138 Quae
463 1077 496 1120 se
518 1054 724 1139 expingendo
744 1063 847 1117 toturn
867 1053 1040 1118 intricabat
1060 1054 1160 1130 diem,

349 1159 501 1235 Vestem,
522 1156 673 1236 uniones,
694 1177 822 1232 aurum,
845 1167 1013 1241 argentum
1032 1169 1186 1234 sumeret,

348 1262 422 1326 Nec
437 1259 597 1324 inveniret
617 1257 721 1344 digito
743 1258 799 1344 qui
820 1281 853 1324 se
874 1270 1038 1345 tangeret;
1108 1285 1112 1292 ·

348 1363 484 1428 Licetne
506 1361 632 1452 paucis,
653 1359 779 1449 inquit?
821 1362 934 1426 Dicas.
979 1361 1121 1439 Censeo,

349 1465 486 1548 Quidvis
510 1464 649 1541 efficies,
672 1465 790 1528 cultum
812 1463 839 1528 si
861 1465 1063 1550 deposueris.

347 1571 483 1637 Adeone
504 1589 564 1653 per
585 1589 634 1632 me
656 1566 771 1634 videor
791 1565 853 1632 tibi
874 1567 1082 1632 meliuscula?

346 1674 470 1750 Immo,
492 1672 554 1736 nisi
576 1669 718 1747 dederis,
744 1673 869 1754 sponda
891 1671 1028 1736 cessabit
1046 1683 1113 1737 tua.

345 1778 394 1842 At
414 1797 481 1840 non
503 1777 670 1838 cessabunt
690 1773 809 1850 latera,
831 1775 1019 1856 respondit,
1041 1786 1113 1852 tua3
1207 1845 1209 1858 ,

345 1881 391 1944 Et
414 1875 584 1963 obiurgari
605 1875 695 1941 iussit
716 1892 844 1940 servum
868 1877 1045 1961 garrulum.

346 1983 430 2047 Post
451 1981 548 2065 paulo
570 1979 725 2044 armillam
746 1978 834 2045 tollit
853 1978 908 2042 fur
928 1991 1125 2063 argenteam.

347 2085 431 2148 Eam
450 2105 516 2149 non
537 2103 693 2166 apparere
714 2092 749 2144 ut
771 2079 893 2156 dictunr
912 2093 960 2146 est
979 2081 1120 2158 mulieri,

346 2187 476 2250 Furore
497 2185 592 2269 plena
612 2194 711 2248 vocat
733 2203 843 2247 omnes
865 2195 898 2246 et
923 2187 1060 2249 verbera

347 2285 513 2372 Proponit
538 2283 668 2372 gravia,
690 2306 801 2350 verum
823 2284 851 2350 si
867 2306 934 2350 non
955 2287 1107 2352 dixerint.

344 2387 429 2455 Aliis
447 2389 587 2466 minare,
607 2387 729 2475 inquit,
751 2409 801 2452 me
822 2409 888 2453 non
909 2388 1017 2467 falles,
1040 2392 1136 2455 hera:
1290 2399 1327 2462 15
1393 2403 1394 2406 ’

344 2491 474 2579 Flagris
494 2513 563 2557 sunr
587 2513 713 2570 caesust
736 2512 849 2556 verum
870 2491 945 2578 quia
965 2492 1036 2558 dixi
1057 2497 1169 2561 modo.

727 2717 828 2779 [reu.
851 2703 947 2782 nvn]
1389 2761 1390 2811 1

377 2793 562 2906 nunnus
582 2837 794 2905 nncnron
818 2841 852 2905 A
872 2842 1069 2908 sumnus
1090 2843 1288 2912 vncrns
1386 2931 1388 2994 t

398 2981 525 3035 Nimiam
533 2986 714 3036 securitatem
723 2999 806 3052 saepe
817 2982 1012 3053 supernatans
1023 2980 1148 3038 homines
1158 2984 1266 3043 ducere.

383 3111 478 3176 Feles
500 3113 639 3176 habebat
661 3110 763 3196 gallus
783 3110 979 3176 lecticarios.

343 3213 442 3279 Hunc
463 3213 609 3299 gloriose
627 3213 739 3299 vulpes
759 3224 795 3276 ut
814 3213 898 3278 vidit
916 3215 1010 3294 vehi,

346 3315 404 3382 Sic·
421 3327 468 3380 est
489 3317 617 3382 locuta':
641 3317 768 3382 Moneo
788 3337 983 3401 praecaveas
1003 3317 1131 3386 dolum:

394 3494 455 3539 Fue.
474 3491 543 3536 XVI.
591 3489 629 3551 (2)
647 3493 715 3536 Fort.
735 3493 867 3538 intricaret
890 3491 938 3538 On.
993 3488 1036 3556 (3)
1062 3493 1171 3558 Vectem]
1194 3499 1318 3559 Exemplar

343 3565 427 3609 Burni.
447 3562 467 3607 l.
488 3562 517 3606 Ζ.
543 3585 576 3594 —-
601 3561 687 3608 Vestes
704 3563 760 3608 Vnt.
780 3561 856 3619 Neap.
903 3561 942 3621 (8)
959 3565 1079 3624 ceeeobr‘t]
1095 3569 1180 3614 Burin.
1199 3572 1218 3615 1.
1234 3572 1267 3617 Z.
1287 3597 1315 3608 -

343 3633 452 3680 eeeeooit
470 3633 526 3676 Vet.
546 3629 622 3686 Neep.
676 3633 734 3688 (11)
757 3632 816 3676 Poet
828 3633 917 3690 paullo
934 3635 1063 3680 orrnillnm
1080 3639 1145 3682 tonte
1158 3636 1210 3696 sur
1225 3654 1316 3703 urgan.

343 3701 418 3763 tecm]
437 3703 477 3748 sie
494 3701 580 3755 scripsi
598 3703 626 3746 de
644 3704 707 3747 coni.
726 3715 788 3749 rnen.
814 3723 848 3736 -
870 3701 959 3747 Paullo
973 3711 1031 3764 poet
1047 3697 1177 3752 arrnillmn
1198 3712 1260 3754 tollit
1277 3727 1316 3756 nr·

340 3780 457 3836 gentepm
477 3774 532 3818 Vnt.
552 3769 627 3825 Neep.
699 3769 753 3828 (12)
782 3769 856 3830 Eum]
882 3771 902 3817 l.
930 3773 960 3818 Ζ.
999 3793 1029 3806 -
1066 3773 1148 3837 (luam
1170 3781 1225 3825 Vnt.
1242 3779 1314 3838 Nenp.

344 3843 400 3905 (13)
419 3848 488 3888 vocat
501 3853 603 3893 omnen,
623 3845 647 3883 et
660 3839 762 3884 cerdera
777 3837 906 3900 Proponit]
919 3843 948 3886 C.
959 3845 988 3888 Ζ.
999 3843 1084 3904 (Mai.)
1103 3871 1136 3882 -
1154 3857 1224 3896 onear
1238 3853 1315 3896 emm

343 3913 379 3959 et
393 3913 511 3970 verboru
534 3909 653 3966 Proponit
671 3911 726 3954 Vnt.
744 3910 793 3962 (hic
808 3912 959 3970 praeponit).
995 3912 1049 3972 (15)
1059 3913 1155 3978 sollu]
1170 3925 1195 3964 nt
1212 3919 1314 3967 contege.

341 3996 409 4040 renr,
427 3985 484 4028 Vnt.
504 4005 537 4016 -
547 3976 626 4040 fallis
644 3977 720 4035 Neap.
756 3977 842 4038 (ibid.)
858 3977 931 4042 luera]
949 3983 988 4028 Sir
1000 3985 1086 4041 scripsi
1098 3989 1128 4034 de
1139 4001 1192 4035 mea
1208 3994 1269 4038 cont.
1283 4016 1313 4026 ..

343 4059 411 4099 certe
428 4051 483 4100 var.
503 4051 578 4107 Neap.
598 4075 630 4088 -
648 4047 747 4111 quidem
765 4049 785 4094 l.
