2776 4718
303 331 364 394 lid

365 467 485 534 Tribus
515 489 578 554 ogo
609 477 774 552 praeterea
794 465 949 530 ,subsidiis
972 467 1076 540 carsii,
1114 464 1298 530 editionibus

302 571 345 638 C.
373 573 416 638 F.
448 570 618 659 Scbmidii‚
657 571 808 646 Halmae,
860 569 1046 635 recensione
1075 568 1297 640 Schaubacbii,

302 677 349 739 V.
387 672 429 738 C.
487 675 578 738 Haeo
615 684 781 755 postrema
812 685 997 735 asservatur
1032 673 1063 735 io
1099 672 1300 736 ‘Bibliotheca

303 777 527 844 Universitatis
557 775 734 864 Lipsiensis
765 786 859 859 atque
892 775 1021 838 omnino
1049 785 1184 857 propter
1213 795 1301 860 egre·

302 881 371 966 glas
400 867 622 944 obscuriorum
644 880 791 944 locorum
819 877 1096 959 interpretationes
1126 875 1300 964 dignissima
1360 919 1361 946 ,

302 995 370 1068 est,
393 1004 476 1067 quae
487 981 607 1064 publici
623 981 702 1046 iuris
716 982 783 1042 fiat.
828 981 958 1042 Verum
968 992 1038 1042 ante
1053 982 1112 1044 bos
1127 993 1193 1044 tres
1208 999 1301 1043 annos
1360 969 1361 1050 ἶ

301 1107 398 1171 quum
407 1087 438 1148 in
454 1084 622 1150 Ciceronis
640 1084 769 1154 Arateis
779 1083 936 1164 permissu
947 1082 1263 1164 ipsiusSchanbacbii
1274 1093 1301 1146 et

301 1188 465 1256 Sebaeieri
494 1211 511 1252 e
533 1186 714 1252 doctissima
737 1186 820 1250 illius
851 1207 926 1248 cura
952 1186 1145 1248 illustrandis
1169 1207 1301 1268 ocorrps·

300 1302 352 1356 tus
373 1291 458 1356 domi
479 1310 546 1354 eam
565 1292 734 1363 haberem,
761 1293 1023 1354 nondumuaotus
1038 1303 1103 1354 tres
1121 1311 1207 1352 meos
1224 1288 1299 1354 cdd.

301 1393 593 1476 praestantissimos
605 1396 642 1456 de
656 1392 847 1456 Germanico
863 1401 992 1476 quoqne
1004 1392 1173 1477 aliquando
1186 1393 1300 1456 edendo

302 1495 427 1559 minime
450 1495 632 1582 cogitabam
661 1517 719 1558 ner
753 1495 923 1580 quidquam
949 1495 1022 1558 inde
1049 1508 1124 1558 tunc
1152 1495 1301 1578 temporis
1361 1499 1362 1570 Ῐ

301 1598 460 1682 excerpsi.
487 1583 600 1669 ,Nune
626 1619 706 1661 vero
732 1619 768 1660 ca
796 1597 841 1660 nti
865 1617 923 1660 uec
947 1598 1039 1680 potui
1070 1619 1172 1683 sicque
1200 1597 1298 1672 voliti3

302 1701 436 1778 etenim,
462 1701 521 1770 etsi
543 1700 620 1764 Viri
644 1701 689 1764 illi
713 1700 935 1776 eruditissimi,
957 1721 1017 1782 qua
1042 1714 1105 1764 tutu
1128 1702 1258 1766 inierunt
1274 1701 1301 1769 ia
1361 1715 1362 1720 ’

302 1827 357 1874 me¹
375 1804 591 1888 benignitate,
626 1825 693 1868 eam
718 1823 828 1868 mirsus
856 1823 976 1868 uterum
1003 1805 1298 1878 communicassent,

303 1907 517 1988 redemptoris
539 1908 805 1970 tamentationes
834 1907 957 1968 mininie
979 1929 1092 1988 passae
1115 1919 1238 1982 essent,
1268 1917 1302 1968 nt

302 2011 468 2094 integrata
491 2011 730 2083 meeder‘etur3
767 2019 819 2084 et,
854 2009 885 2072 in
908 2030 948 2086 eo
970 2010 997 2072 si
1018 2009 1250 2086 substitissem,
1272 2019 1302 2070 ut

305 2114 426 2194 optima
448 2131 594 2195 quaeque
616 2111 687 2173 iude
709 2110 899 2194 seligerent,
923 2133 1072 2196 maguum
1094 2113 1127 2176 id
1147 2114 1209 2178 toti
1225 2093 1302 2177 com·
1362 2097 1363 2138 l

304 2213 461 2280 meotario
483 2213 704 2276 detrimentum
725 2217 928 2294 postmodum
952 2216 1120 2280 attulisset.
1362 2205 1363 2216 ¹

368 2317 464 2396 Quod
486 2327 587 2380 autem
609 2288 649 2380 iul
664 2317 799 2380 Halmae
817 2317 977 2400 inceptum
999 2320 1127 2394 attinet,
1152 2297 1194 2383 ex
1208 2321 1302 2384 amico

304 2417 478 2485 Hatithalio
506 2418 684 2486 sciscitatus
706 2441 794 2496 sum,
820 2442 859 2484 an
881 2421 984 2484 critici
998 2421 1147 2503 praesidii
1157 2417 1301 2508 illiqoid-

304 2523 389 2606 piam
410 2523 538 2587 inesset.
583 2523 735 2605 Inspecto
760 2523 863 2599 libro,
888 2543 982 2608 quaem
1006 2525 1118 2588 'Punici
1140 2547 1235 2602 nemo
1254 2527 1302 2588 ha·

304 2627 376 2702 bet,
411 2625 499 2690 illico
521 2625 687 2708 respoudit
716 2626 768 2689 ille
794 2647 901 2714 aequo
927 2628 1033 2692 animo
1060 2649 1108 2692 me
1131 2650 1171 2692 eo
1193 2630 1302 2692 carita·

304 2751 396 2806 rum,
436 2741 548 2811 utpote
577 2730 630 2812 qui
660 2731 700 2792 ad
732 2730 858 2794 codices
887 2744 983 2795 antea
1013 2732 1143 2816 ignotos
1181 2744 1302 2796 exactus
1363 2779 1364 2784 η

306 2853 369 2896 non
393 2844 496 2907 esset3
533 2853 625 2894 unam
656 2843 761 2896 tameo
785 2833 858 2896 mihi
890 2833 972 2899 misit
997 2836 1246 2900 emendationem
1269 2835 1302 2898 ab

306 2935 421 2998 Halios
442 2935 675 3018 excogitatam,
711 2936 818 3020 otique
843 2938 1043 3020 prohabilem
1066 2941 1113 3015 (u.
1147 2943 1237 3020 stt.)
1264 2939 1302 3018 (l)

308 3037 485 3102 Schmidiur
509 3038 585 3122 quid
609 3038 822 3122 praestiterit,
846 3060 982 3122 prorsus
999 3041 1134 3123 ignor03
1158 3061 1302 3126 nusquam

308 3140 389 3204 euim
406 3140 481 3204 eius
506 3139 666 3215 libellum,
702 3138 762 3202 etsi
788 3140 930 3206 studiose
953 3142 1147 3225 quaesitum,
1169 3141 1303 3228 reperire

308 3242 413 3324 potui.
459 3243 570 3311 Bonus
592 3243 620 3306 si
642 3253 746 3316 esset,
770 3242 878 3326 utique
900 3243 1010 3310 notior
1032 3257 1129 3310 esset.

372 3344 411 3407 Id
434 3365 518 3414 vero
537 3343 627 3434 unice
647 3347 849 3429 propositum
872 3345 949 3410 mibi
969 3347 1048 3425 tuit,
1072 3362 1106 3414 ut
1128 3346 1303 3414 Germanici

310 3445 498 3528 opusculum
524 3450 627 3512 denuo
651 3450 691 3510 ad
711 3449 855 3514 codicum
877 3451 1096 3526 auctoritatem
1122 3473 1303 3520 revocarem

290 3538 343 3646 ⁸e't
357 3549 588 3635 probabiliter,
617 3563 767 3634 quantum
782 3553 970 3633 nuoc'licet,
990 3560 1214 3644 emendarem:
1239 3577 1305 3641 per-

361 3707 398 3768 (¹⁸)
417 3711 482 3755 llaec
501 3713 592 3758 seilicet
609 3715 666 3759 dicit
684 3715 776 3769 editor,
805 3713 842 3758 rui
871 3711 949 3756 aditus
976 3709 1071 3766 patebat
1091 3713 1120 3757 ad
1146 3711 1246 3772 Regiam
1273 3711 1303 3754 bi·

311 3775 468 3826 bttotbdcsm:
488 3795 544 3842 pop·
566 3779 638 3831 1⁰15
656 3781 686 3828 Jr
704 3797 743 3828 me
764 3784 820 3830 scis
834 3781 1022 3844 gtnlrrlemsut
1035 3779 1168 3842 conform!
1184 3795 1238 3828 nux
1256 3793 1303 3825 ccr-

312 3852 422 3896 rsrtc'ons
448 3849 478 3896 de
503 3847 609 3899 Grotius
633 3853 697 3898 drus
727 3867 770 3902 sss
788 3851 877 3900 Aretes
899 3857 924 3896 st
950 3847 966 3894 d
986 3851 1063 3897 cellar
1085 3852 1116 3898 ds
1133 3849 1228 3898 Boubia
1251 3843 1303 3907 (sic)

308 3933 367 3964 cerr
391 3923 508 3981 quelques
532 3925 717 3971 resuscitans.¹’
762 3923 788 3970 tt
814 3927 865 3980 ut,
891 3920 976 3978 „unm
994 3935 1039 3980 epo
1065 3923 1128 3975 ieri:
1158 3925 1229 3969 stiam
1248 3920 1300 3967 cm.
1363 3963 1364 3976 ,

312 3989 411 4048 litgium
430 3993 550 4052 septerl.''
