2752 4718
323 337 385 402 tto

366 477 521 560 Princeps
541 473 657 540 tibicen
678 471 787 539 notior
807 472 914 558 paullo
935 473 1010 550 luit,

326 580 466 664 Operam
488 579 639 660 Bathyllo
659 577 770 642 solitus
791 575 824 640 in
845 597 938 640 scena
960 579 1048 640 dare.

322 685 356 748 Is
377 685 462 748 forte
483 681 564 745 ludis
586 684 663 760 (non
684 679 759 744 satis
782 678 906 743 memini
924 679 1054 763 quibus)

288 849 292 858 ,
322 787 407 851 Dum
428 805 542 870 pegma
563 784 703 868 rapitur,
727 781 867 847 concidit
888 803 962 846 casu
983 779 1076 865 gravi

322 888 392 953 Nec
414 888 564 971 opinans,
588 897 621 950 et
641 886 798 950 sinistram
819 884 917 970 fregit
936 883 1064 960 tibiam,

321 992 410 1058 Duas
432 1011 527 1075 quum
550 991 678 1054 dextras
700 986 861 1050 maluisset
881 990 1031 1070 perdere.

322 1096 410 1160 luter
432 1113 540 1156 manus
562 1093 704 1155 sublatus
726 1101 758 1154 et
780 1091 910 1164 miiitum
932 1109 1060 1174 gemeus
1277 1089 1307 1150 lb

321 1193 461 1262 Domum
482 1194 636 1259 refertur.
681 1193 819 1278 Aliquot
840 1213 961 1256 mensos
982 1202 1169 1269 transeunt,

321 1301 376 1365 Ad
397 1297 556 1362 sanitatem
580 1299 651 1360 ditm
675 1295 761 1362 venit
783 1294 920 1358 eiuratio.

322 1403 367 1468 Ut
388 1411 602 1484 spectatorum
625 1421 694 1465 mos
715 1412 763 1462 est
785 1409 816 1462 et
836 1398 972 1480 lepidum
994 1419 1114 1484 genus,
1223 1441 1226 1448 ·

321 1503 510 1570 Desiderari
531 1502 656 1585 eoepit,
680 1503 769 1566 cuius
790 1499 918 1564 flatibus

321 1606 454 1672 Solebat
475 1603 607 1670 excitari
628 1605 768 1668 saltantis
790 1603 901 1690 vigor.

363 1711 444 1774 Erat
464 1709 605 1773 factumue
627 1708 719 1772 ludos
742 1691 867 1792 quitiam
891 1703 1006 1771 nobilis

320 1813 367 1878 Et
387 1811 559 1894 incipiebat
580 1810 706 1895 ingredi
730 1811 898 1892 Princeps.
942 1809 1024 1872 Eum

320 1915 460 1980 Adducit
481 1913 606 1995 pretio,
631 1911 796 1994 precibus,
821 1923 855 1973 ut
875 1912 1092 1976 tantummodo

321 2016 400 2098 Ipso
422 2017 568 2079 ludorum
591 2017 773 2079 ostenderet
793 2033 863 2076 sese
885 2013 948 2078 die.

324 2117 390 2198 Qui
411 2117 502 2180 simul
523 2115 667 2194 advenit,
690 2136 801 2180 rumor
823 2117 861 2178 de
881 2114 1009 2179 tibicine
1211 2135 1215 2146 ¹
1269 2115 1303 2178 20
1356 2119 1357 2122 ’

320 2221 444 2285 Fremit
463 2219 496 2284 in
517 2221 657 2283 theatro.
701 2217 837 2300 Quidam
859 2217 1023 2282 adfirmant
1043 2230 1221 2298 mortuum,

322 2321 457 2405 Quidam
478 2321 511 2385 iu
533 2333 737 2405 conspectum
758 2321 958 2403 proditurum
980 2321 1047 2386 sine
1069 2345 1172 2389 mora.

319 2409 453 2492 Aulaeo
468 2415 582 2501 misso,
607 2423 763 2489 devolutis
784 2415 953 2489 tonitribus

316 2529 364 2607 Di
385 2539 457 2594 sunt
477 2527 577 2594 locuti
598 2549 688 2593 more
709 2527 918 2592 translaticio.

321 2635 414 2698 Tune
435 2634 553 2696 ebosus
574 2631 719 2718 ignotum
740 2632 837 2694 modo
858 2633 991 2696 reducto
1014 2630 1170 2696 canticum
1267 2629 1301 2693 ib

262 2808 266 2812 ,
319 2733 485 2812 Insonuit,
508 2735 598 2798 ouius
618 2735 697 2797 baec
717 2733 778 2798 luit
799 2733 969 2812 sententia:

320 2839 501 2915 „Laetare,
525 2837 693 2904 incolumis
715 2838 841 2914 Roma,
865 2837 955 2901 salvo
977 2836 1179 2923 Principei''

318 3085 349 3132 P.
364 3085 395 3130 tt.
413 3097 439 3141 p.
476 3083 512 3142 (2)
530 3083 659 3146 Adripuit]
677 3085 733 3144 big.
752 3086 779 3130 S.
799 3109 832 3122 -·
849 3077 965 3144 Abripuit
981 3085 1011 3131 P.
1032 3083 1085 3146 (li.)
1102 3099 1128 3143 p.
1170 3085 1208 3148 (3)
1225 3081 1300 3142 stulte]

318 3168 344 3211 p.
361 3156 387 3200 S.
407 3160 482 3199 -et
501 3156 625 3200 stulteP.
644 3156 674 3202 tt.
723 3153 759 3210 (5)
777 3155 805 3200 in
824 3153 910 3215 sesne]
936 3169 960 3211 p.
985 3157 1009 3201 S.
1030 3181 1064 3192 -·
1087 3156 1114 3201 in
1137 3155 1216 3203 ebeno
1231 3159 1258 3205 P.
1274 3156 1298 3198 1t.

319 3221 356 3280 (2)
375 3247 408 3258 ·-
424 3237 512 3282 peema
529 3225 558 3270 P.
575 3225 604 3273 tt.
624 3239 649 3282 p.
686 3223 724 3283 (b)
742 3223 794 3271 Nee
811 3226 917 3284 opinens
932 3223 966 3284 et]
985 3240 1009 3282 p.
1032 3227 1059 3272 S.
1078 3250 1111 3260 -
1129 3241 1175 3272 nee
1193 3229 1248 3287 opio
1264 3221 1301 3270 sed

317 3293 348 3338 P.
368 3293 398 3339 R.
417 3297 478 3340 testa
495 3293 556 3340 Gud.
576 3315 610 3326 -·-
626 3309 657 3340 ne
674 3295 747 3353 copie
772 3294 818 3342 sed
836 3295 866 3340 ii.
889 3299 950 3340 teste
968 3295 1038 3340 Vino.
1058 3295 1100 3352 (-
1120 3311 1166 3340 nee
1182 3299 1266 3358 opinus
1281 3298 1300 3337 st

318 3361 402 3408 liciat.
433 3377 500 3420 susp.
527 3362 620 3422 Bentl.)
665 3365 718 3418 (11)
745 3389 778 3398 -
804 3363 905 3424 aliquod
932 3378 1030 3409 menses
1059 3371 1174 3411 trauseat
1199 3367 1251 3424 (sic)
1275 3365 1299 3408 P.

318 3428 371 3490 (17.
393 3429 495 3492 18),sta
511 3435 593 3480 Ursin.
614 3435 640 3482 S.
661 3457 690 3468 -·
721 3433 755 3480 tte
772 3433 907 3492 incipiebat
927 3433 1050 3494 Princeps
1072 3436 1163 3481 obduci
1185 3451 1251 3482 reum
1266 3434 1300 3478 ln·

316 3501 393 3564 gredi
410 3518 426 3547 α
443 3517 471 3548 se
488 3504 586 3550 reclusit
603 3502 702 3562 (reduci
718 3505 747 3549 R.
768 3509 828 3550 leste
854 3501 955 3560 vinei)
974 3505 1059 3562 pretio
1074 3507 1188 3563 pratibus
1209 3503 1261 3562 (sic)
1280 3507 1301 3546 ti!

318 3571 500 3620 Tantummodo
518 3575 573 3632 ipso
594 3573 710 3618 ludorum
732 3567 873 3619 ostenderet
888 3587 944 3619 sese
971 3573 1012 3620 die
1037 3575 1066 3620 P.
1089 3576 1119 3622 u.
1142 3590 1167 3632 p.
1186 3577 1234 3635 (bie
1256 3585 1301 3619 com

317 3642 463 3702 asteriscis.)
481 3667 514 3678 --
532 3642 564 3688 Et
580 3644 714 3701 incipiebat
730 3643 851 3701 Princeps
870 3643 1011 3704 ingredier.
1058 3643 1124 3690 Eum
1145 3651 1190 3692 cet.
1209 3653 1234 3690 nt
1253 3657 1298 3688 nos.

318 3713 373 3772 lug.
393 3715 475 3762 Burin.
524 3711 579 3770 (21)
596 3711 699 3774 Fremit]
718 3728 742 3769 p.
763 3715 788 3758 S.
808 3736 841 3748 —
851 3709 948 3771 fremet
964 3713 994 3758 P.
1032 3712 1088 3772 (23)
1109 3737 1138 3748 ·-
1157 3715 1300 3760 esleomise

316 3783 347 3828 P.
384 3779 470 3842 (ibid.)
487 3781 630 3842 tonitribus]
648 3783 677 3828 P.
697 3784 727 3833 R.
747 3807 780 3818 ·-
798 3783 937 3828 tonitrubus
955 3783 1006 3828 siue
1025 3799 1098 3830 causa
1114 3799 1139 3842 p.
1157 3787 1184 3834 S.
1203 3786 1245 3844 (--
1258 3789 1300 3826 tre-

316 3853 425 3900 nitribus
454 3853 485 3898 P.
511 3867 526 3897 a
554 3867 592 3908 pr.
623 3851 715 3911 manu.)
762 3849 820 3911 (21)
848 3851 896 3912 Di]
925 3854 1009 3898 Burin.
1036 3855 1063 3900 S.
1093 3873 1127 3890 -ι
1155 3855 1202 3899 Dii
1227 3855 1255 3899 P.
1279 3865 1297 3907 p·

317 3919 370 3978 (25.
390 3921 432 3980 26)
450 3925 489 3968 Sic
507 3925 628 3980 composui
647 3926 709 3969 coni.
734 3921 796 3966 oua.
816 3921 887 3967 modo
906 3921 1007 3968 retineto
1024 3929 1049 3968 et
1069 3923 1225 3970 Freinsbernii
1241 3924 1299 3968 iaso·

317 3991 380 4038 nuit.
401 4013 430 4028 -
450 3991 521 4038 Tune
538 3991 629 4040 ebenus
651 3993 764 4054 ignotum
774 4003 843 4038 mers
860 3991 932 4040 ducto
949 3993 1077 4040 coraliensis
1092 3994 1212 4055 Imposuit
1226 3995 1255 4040 P.
1271 3991 1317 4034 lb*
