2846 4736
302 351 343 413 20
573 357 574 364 ’

215 469 218 478 ’
300 441 525 574 interpolatum
555 507 637 551 esse.
674 467 804 550 Nolim·
821 487 922 548 autem
944 467 1054 572 eorum
1073 465 1312 565 opinioni'acd'

301 595 431 669 cedere,
470 591 523 676 qui
554 601 655 655 totum
686 585 867 676 Phaedrum
898 584 976 650 mire
1001 585 1224 668 interpolatum
1250 588 1290 650 ad

300 715 360 758 nos
392 692 575 776 pervenisse
604 691 808 754 arbitrantur.
851 691 943 752 'Sunt
969 687 1051 752 enim
1077 687 1169 752 etiam
1207 709 1291 752 nuuc

300 798 443 859 homines
465 795 607 859 nonnulli
630 794 672 856 ita
700 795 739 856 ab
765 789 851 856 omni
874 789 1054 854 Latinitatis
1080 790 1210 855 scientia
1235 795 1292 854 de·

300 897 421 973 stituti,
445 909 479 961 ut
501 895 624 959 minime
642 894 816 980 intelligant
840 896 921 970 hanc
941 894 1025 956 hau'd
1044 892 1133 956 nimis
1158 893 1292 957 admira·
1352 923 1355 933 r

300 1000 392 1062 bilem
425 1011 457 1062 et
474 999 563 1062 artis
598 997 746 1080 politicae
773 997 964 1072 'facultatem
990 1006 1023 1058 et
1046 995 1200 1060 sermonis
1228 1017 1295 1058 non

301 1121 427 1182 semper
454 1099 528 1182 puri
560 1097 815 1176 constretudiuem
843 1119 977 1179 prorsus
1003 1099 1113 1160 cadere
1134 1097 1167 1160 in
1190 1099 1294 1162 Grae-

301 1205 406 1266 culum
428 1185 591 1278 libertum,
616 1201 670 1286 qui
692 1199 825 1263 Tiberio
843 1199 1034 1281 imperatore
1053 1189 1190 1263 uixerit:
1213 1213 1292 1262 netr-

300 1305 417 1388 tiq'uam
438 1304 567 1366 veroin
584 1302 795 1385 posteriorem
807 1313 969 1377 aetatem,
991 1303 1100 1364 saltem
1114 1298 1190 1384 post
1206 1303 1290 1366 Trass
1318 1327 1324 1340 ·

199 1461 207 1471 .
299 1406 417 1471 iarum.
461 1405 614 1488 Equidem
640 1404 667 1467 si
695 1405 748 1468 vel
773 1391 921 1486 paullo'a
948 1401 1097 1468 Phaedro
1126 1401 1293 1468 Phaedrus

298 1519 408 1572 noster
427 1509 639 1590 discreparet,
669 1506 702 1570 iu
728 1507 786 1569 alia
811 1505 1041 1571 omuiairem.=
1070 1507 1288 1584 Nuncrero,
1327 1527 1332 1536 '

299 1611 445 1675 omnibus
467 1622 613 1673 accurate
631 1609 818 1692 pensitatio,
839 1593 917 1672 haec
938 1628 1005 1672 mea
1031 1607 1140 1690 opinio
1164 1599 1231 1687 est,
1255 1620 1291 1672 ut
1326 1619 1328 1624 ’

298 1713 332 1777 iu
352 1712 401 1774 his
429 1710 545 1774 fabulis
566 1713 747 1775 Phaedrum
770 1711 888 1793 ipsum,
926 1711 992 1774 sive
1011 1713 1186 1788 Thracem,
1223 1711 1292 1776 sive
1326 1731 1334 1746 ⁴

298 1803 531 1890 Macedonem,
553 1813 694 1898 Augusti
708 1813 873 1889 libertum,
896 1809 1003 1896 potius
1018 1833 1187 1897 agnoscam
1199 1835 1294 1899 quam
1331 1837 1332 1844 ¹

298 1917 395 1980 ullum
416 1915 591 1980 falsarium.
634 1917 761 1980 Paucae
776 1925 877 1976 autem
900 1914 1178 1997 intelpolationes,
1201 1917 1293 1980 facil·

124 2005 132 2032 i
219 2052 220 2056 ,
297 2019 372 2082 lime
394 2020 632 2108 agnoscendae,
664 2037 741 2100 quas
759 2017 909 2080 habemus
930 2016 963 2080 in
986 2017 1067 2084 Cod.
1091 2019 1187 2082 Rem.
1205 2017 1293 2096 Pilh.

298 2132 330 2202 et
344 2121 450 2196 Dan„
472 2131 636 2189 versantur
648 2118 844 2200 potissimum
858 2119 890 2181 in
907 2120 1112 2202 promythiis:
1134 2123 1195 2185 cfr.
1210 2121 1290 2184 Lib.
1380 2137 1383 2144 ’

296 2225 366 2300 lV,
391 2222 444 2296 21,
468 2225 519 2297 1.;
541 2241 602 2284 una
624 2232 724 2284 autem
742 2207 831 2285 Pith.
851 2221 886 2284 in
907 2235 1046 2304 corpore
1059 2211 1140 2306 ipso'
1152 2224 1291 2288 fabellae

294 2325 373 2388 Lib.
396 2325 468 2400 IV,
499 2325 556 2400 23,
579 2323 613 2386 2.
634 2343 767 2405 prorsus
789 2319 929 2414 ἄμετρος
955 2336 1076 2388 mature
1094 2326 1203 2390 ‘eiecta
1227 2337 1290 2390 est.

295 2426 447 2490 Similiter
475 2426 601 2510 glossae
623 2445 681 2508 per
706 2426 856 2508 seipsae
884 2447 953 2490 sese
983 2427 1191 2510 prodiderunt
1209 2431 1286 2493 Lib.

294 2528 329 2604 I,
348 2529 405 2605 15,
424 2531 455 2591 1.
471 2527 550 2591 Lib.
566 2528 602 2604 I,
620 2528 678 2605 22,
697 2529 728 2592 7.
751 2528 881 2606 Lib.I,
897 2529 956 2606 25,
974 2531 1006 2594 7.
1028 2529 1104 2594 Lib.
1121 2532 1157 2606 Ι,
1174 2531 1229 2612 28,
1254 2534 1286 2596 1.

295 2629 374 2693 Lib.
391 2625 458 2694 III.
471 2629 610 2715 Prolog.
623 2651 657 2694 v.
668 2631 721 2694 51.
737 2630 814 2694 Lib.
826 2630 899 2708 III,
913 2633 965 2708 17,
979 2633 1010 2694 4.
1022 2633 1101 2696 Lib.
1114 2634 1185 2709 IV,
1199 2635 1238 2712 9,
1253 2637 1288 2698 1.
1316 2687 1320 2690 ,

357 2733 423 2797 IV.
446 2731 497 2798 De
520 2731 643 2796 Codice
663 2727 794 2797 Nicolai'
811 2734 956 2812 Perotti,
980 2755 1076 2818 quum
1099 2735 1202 2799 omnia
1224 2737 1286 2800 iam

292 2835 481 2920 pervulgata
505 2834 568 2898 sint
580 2879 590 2912 ,
620 2836 699 2898 haec
726 2835 884 2900 sufficiant
901 2847 918 2900 ε’
947 2837 1088 2900 continet
1110 2837 1137 2901 is
1159 2851 1287 2920 praeter

257 3017 259 3020 Ι
280 2957 414 3020 paucos
429 2958 538 3001 versus
554 2959 571 3002 e
586 2935 740 3021 Prologis
755 2938 895 3001 Phaedri
914 2939 992 3002 Lib.
1008 2939 1074 3003 111.
1087 2953 1118 3003 et
1128 2941 1193 3005 lV.
1218 2943 1283 3007 Pe-

290 3039 371 3102 rotti
388 3039 536 3122 Prologo
560 3038 668 3102 furtim
690 3039 828 3104 insertos
848 3039 988 3105 Phaedri
1007 3041 1153 3129 tabutas,
1173 3045 1286 3106 decur-

290 3150 371 3203 tatas
405 3151 510 3202 tamen
544 3140 717 3223 prooemiis
753 3153 849 3228 atque
877 3143 1085 3226 epimythiis,
1129 3147 1281 3212 XXXII.

291 3241 433 3306 sciliceta
1001 3259 1003 3268 ’

352 3344 447 3407 Libri
467 3347 513 3410 Il.
538 3347 642 3409 Fabb.
666 3347 710 3410 6.·
722 3347 754 3412 7.
773 3348 807 3412 8.
850 3349 979 3414 Partem
994 3347 1127 3436 Epilogi
1140 3351 1216 3416 Lib.
1233 3352 1290 3434 11.

290 3444 385 3508 Libri
406 3447 471 3511 ΙΙΙ.
496 3449 600 3512 Fahh.
624 3449 655 3513 1.
679 3449 711 3513 2.
736 3449 767 3513 3.
797 3451 829 3514 1.
844 3451 885 3534 5.
909 3451 951 3515 6.
966 3454 998 3516 7.
1021 3454 1054 3517 8.
1079 3455 1208 3531 10.11.
1231 3455 1285 3517 12.

291 3549 345 3612 13.
368 3550 420 3611 11.
445 3549 498 3613 15.
522 3551 575 3614 16.
600 3551 652 3614 17.
677 3553 729 3616 18.
755 3553 806 3616 19.
835 3553 930 3616 Libri
951 3556 1014 3618 IV.
1037 3557 1141 3620 Fabh.
1162 3557 1216 3620 19.
1232 3557 1286 3621 20.

288 3650 344 3714 21.
367 3648 421 3714 23.
445 3653 498 3715 21.
549 3651 643 3715 Libri
664 3654 710 3717 V.
734 3656 839 3720 Fahb.
864 3657 896 3718 1.
918 3657 952 3720 2.
975 3657 1007 3720 3.
1032 3659 1063 3720 t.
1087 3659 1120 3720 5.
1150 3699 1156 3712 .
1188 3709 1190 3714 .
1279 3684 1284 3698 ·

351 3749 476 3818 Merito
497 3755 570 3818 hinc
591 3751 769 3840 colligimus
785 3759 952 3821 Perottum
972 3775 1061 3820 usum
1075 3779 1151 3845 esse
1167 3757 1288 3824 Codice

289 3853 427 3920 Phaedri
461 3858 626 3921 admodum
657 3858 783 3932 mutilo;
817 3860 901 3923 nulla
918 3861 999 3923 enim
1026 3860 1085 3924 alia
1111 3860 1194 3926 ratio
1228 3875 1285 3925 en·

289 3957 425 4042 cogitari
437 3970 569 4043 potest,
595 3980 652 4022 cur
674 3960 861 4025 abstinuerit
886 3980 905 4026 a
925 3973 1000 4027 toto
1017 3962 1101 4028 libro
1119 3965 1222 4049 primo
1247 3986 1285 4030 ac
