2816 4716
137 1047 279 1129 'Incipit
316 1047 361 1112 sic
398 1049 613 1136 fragmentum
649 1053 841 1118 Vaticanum
878 1076 905 1117 s.
947 1051 1090 1128 Danieli-

98 1171 172 1212 num
195 1149 302 1232 (D.).·

162 1255 378 1322 PHAEDRI
393 1257 503 1324 AUG.
520 1262 564 1324 L.
578 1261 890 1328 AESOPIARUM
906 1261 1089 1327 INCIPIT
1114 1342 1125 1346 ι

92 1357 367 1424 FELICITER.
476 1365 478 1375 ⁴

78 1514 80 1520 s
161 1461 314 1550 Sequitur
345 1463 450 1527 statim
479 1465 558 1530 Lib.
579 1469 714 1545 Luat..
738 1469 803 1532 XI.
834 1468 954 1534 omis‘so
982 1479 1087 1532 tamen

91 1563 202 1646 prImo
226 1587 323 1631 verso
347 1567 486 1631 Virtutis
505 1591 623 1650 expers
645 1571 747 1634 verbis
768 1575 902 1634 iactans
916 1573 1090 1652 gloriam:

90 1667 169 1732 ideo
201 1681 298 1751 puto,
331 1670 407 1754 quia
440 1669 492 1732 vel
513 1669 567 1732 hie
589 1669 695 1732 scriba
717 1670 868 1732 librarius
891 1693 961 1733 eum
983 1681 1089 1734 totum

90 1771 192 1863 minio
215 1772 268 1835 vel
290 1773 389 1836 viridi
408 1772 520 1837 colore
536 1772 737 1835 exhibiturus
753 1785 838 1848 erat,
862 1773 958 1858 idque
975 1783 1089 1854 postea

92 1874 254 1959 neglexit,
278 1875 332 1938 vel
353 1875 437 1938 idem
462 1875 524 1938 iam
548 1865 709 1938 acciderat
730 1875 762 1938 in
786 1873 974 1966 ἀρχετύπῳ,
998 1879 1092 1961 quod

91 1990 165 2041 ante
188 1978 302 2042 oeulos
319 1979 471 2042 habebat.
517 1980 585 2042 Iam
605 2001 700 2064 quum
721 1979 766 2042 D.
780 1991 867 2042 reete
883 1981 999 2042 habeat
1015 2001 1085 2040 eum

91 2079 208 2145 ceteris
230 2083 285 2161 (v.
310 2082 358 2159 2.)
380 2080 521 2162 Ignotos
535 2081 661 2160 fallit,
687 2085 774 2144 notis
789 2093 836 2146 est·
851 2083 995 2163 derisui,
1017 2082 1088 2164 pla-

90 2185 159 2249 cuit
175 2196 281 2248 tamen
302 2183 397 2248 Maio
421 2181 548 2248 Barthii
571 2177 853 2269 παραδιὸρθωσις
875 2175 1014 2269 ignotus
1036 2222 1051 2234 -
1073 2221 1089 2234 -

89 2297 204 2352 nolus.
258 2287 306 2368 (lt)
329 2299 367 2351 ut
391 2283 537 2364 insueto]
554 2287 638 2348 Nos.
663 2321 704 2330 —
727 2297 765 2349 ut
789 2288 849 2350 ille
871 2289 1004 2353 insueta
1022 2288 1086 2366 D.‚
1189 2321 1191 2326 ·

90 2393 182 2476 quod
203 2389 312 2478 Iocum
334 2391 518 2452 nonhabet
547 2387 600 2450 vel
621 2397 759 2468 propter
781 2383 932 2466 proxime
955 2411 1089 2470 praece.

91 2497 171 2560 dens
194 2495 307 2558 illum.
350 2528 392 2539 -
434 2490 522 2554 Ibid.
546 2484 695 2566 terrerel]
723 2521 764 2532 -
787 2499 924 2552 terreret
945 2499 977 2553 et
999 2493 1044 2556 D.
1068 2515 1086 2559 e

90 2595 322 2683 geminatione.
364 2595 416 2676 ’(5)
438 2595 547 2658 Habet
567 2614 604 2654 re
625 2612 703 2654 vera
725 2589 791 2652 D.:
816 2594 996 2668 Fugientes
1015 2597 1088 2676 ipse

90 2703 277 2782 exciperet.
319 2697 407 2762 Ibid.
432 2696 621 2775 auritulus]
647 2728 688 2739 —
712 2691 894 2756 ourioulus
910 2691 1004 2756 etiam
1019 2696 1085 2773 D.‚

90 2803 183 2886 quod
204 2800 403 2866 retinendum
419 2799 545 2862 videtur
562 2797 677 2872 Maio,
701 2791 779 2856 mihi
797 2813 875 2856 non.
920 2795 967 2874 (6)
990 2798 1085 2864 Maio
1176 2787 1180 2792 ’

88 2913 172 2966 teste
196 2903 291 2967 etiam
312 2905 358 2969 D.
405 2905 595 2969 Clamorem
616 2899 746 2978 subito,
768 2917 834 2958 uon
856 2901 901 2962 el.
924 2898 1083 2981 subitum,

89 3005 181 3070 lhid.
198 3008 399 3086 tollitlolis]
411 3005 544 3066 -lotis
558 3001 653 3063 tollii
672 2999 718 3062 D.
762 3000 832 3080 (lt)
855 3033 896 3044 -·
918 3003 1063 3082 Insignis
1075 3047 1099 3082 ,.

90 3111 217 3192 inquit.
258 3108 339 3171 Nisi
358 3129 489 3171 nossem
518 3115 615 3168 tuum
635 3102 680 3165 D.
727 3101 862 3176 „Multo
891 3100 1018 3186 gratior
1039 3101 1085 3166 ita
1188 3079 1206 3169 ι.

88 3208 165 3271 fluit
186 3207 340 3272 sententia
360 3207 392 3272 in
412 3207 596 3291 fragmento
617 3217 731 3286 nostro
755 3227 849 3290 quam
867 3204 900 3267 in
924 3207 1011 3268 Edd.
1033 3207 1085 3271 in-

90 3315 220 3394 signis,
245 3314 376 3394 inquit,
401 3313 451 3372 sie
474 3321 511 3372 ut
533 3309 631 3370 nisi.''
654 3309 745 3372 Mus.
791 3309 867 3382 Non
883 3307 965 3371 vidit
985 3307 1087 3372 Criti-

90 3435 149 3476 cus
169 3414 350 3495 Bergomas
371 3409 405 3472 in
427 3399 472 3473 D.
489 3409 627 3473 lectione
648 3409 808 3494 integrum
828 3401 936 3474 deesse
957 3415 1084 3494 pedem.
1114 3441 1116 3445 ·

156 3517 241 3580 Fau.
258 3515 342 3578 XII.
359 3498 422 3576 'vu
447 3516 476 3576 1.
497 3524 528 3576 et
546 3515 578 3574 2.
602 3511 668 3576 sic:

205 3630 293 3698 Saepe
312 3645 372 3684 esse
392 3628 522 3690 utiliora,
545 3645 614 3696 orcae
637 3631 855 3695 contempseris,

128 3743 129 3750 ¹
203 3721 273 3774 Eius
293 3728 334 3772 rei
354 3727 437 3771 testis
455 3720 522 3773 llaec
543 3725 674 3772 narratio
696 3729 749 3775 est.

155 3835 238 3896 Tum
271 3833 369 3900 index
396 3833 555 3908 -sahulae,
601 3836 656 3913 (ut
689 3831 782 3897 etiam
821 3787 904 3898 Fls.
945 3833 1084 3902 XVIII.

86 3939 192 4004 XIX.
216 3938 334 4017 XX.):

111 4041 301 4107 CERVUS
324 4041 389 4104 AD
412 4039 612 4105 FONTEM
636 4039 832 4104 LAUDAT
851 4037 1063 4152 eossuun.

134 4155 223 4194 Phaedri
238 4155 290 4194 liuh.
306 4167 371 4192 novae
387 4153 478 4194 XXXII.
916 4155 934 4217 3
