2816 4716
1038 337 1166 412 tt,

92 474 256 562 augensis
293 496 396 562 snper
421 481 571 545 musica.
626 479 735 564 Atque
769 477 835 542 hoc
870 475 1081 563 antiquissimi

93 577 220 644 codicis
246 577 431 644 testimonio
458 581 543 644 haud
572 578 641 646 scio
671 601 710 644 an
732 579 1080 673 Arretiniskeripiatur
1143 587 1148 607 ¹

92 681 176 746 civis
198 681 327 760 Guido,
345 704 443 768 ,quem
467 682 507 746 iis
528 682 620 748 unica
641 683 779 748 fortasse
792 683 955 768 sigeberti
968 695 1081 748 aucto-

91 785 172 850 ritas
186 785 436 872 largiebatur)
460 787 634 852 Posterior
649 787 774 864 codicis
788 809 863 870 pars
879 789 1081 852 Romanense

90 892 212 974 potima
237 888 404 972 copiosum
439 901 532 976 atque
565 901 723 954 vetustum
757 889 913 956 continet.
963 890 1080 956 Medio

61 1008 63 1017 ’
92 1003 197 1058 autem
234 993 349 1058 codice
381 992 549 1077 quaternio
582 992 735 1058 inseritur
762 994 955 1079 paginarum
984 1005 1080 1070 octo,

92 1118 228 1182 quarum
250 1107 317 1158 tres
341 1095 471 1178 priores
492 1098 692 1162 FABULIS
716 1097 843 1164 OCTO
866 1097 1081 1164 PHAEDRI

93 1209 312 1283 occupantur;
345 1210 459 1285 quarta
489 1199 625 1284 pagina,
662 1199 788 1278 idest,
826 1223 921 1266 versa
950 1197 1082 1266 secundi

90 1301 185 1380 solii,
208 1301 485 1386 piam-Hincmari
505 1305 723 1388 precationem
745 1293 860 1382 habet3
883 1305 917 1370 in
938 1315 1028 1369 sexta
1050 1313 1082 1367 et

91 1406 228 1491 septima
239 1409 379 1491 psalmus
389 1407 525 1494 legitur,
549 1407 639 1474 cuius
656 1409 779 1474 initium
795 1411 926 1474 inclina
938 1409 1081 1472 Domine

92 1531 215 1576 aurem
233 1521 351 1594 tunm,
385 1511 476 1598 isque
508 1512 603 1576 etiam
632 1516 757 1579 Graece
790 1511 927 1588 ibidem,
962 1507 1081 1572 litteris
1139 1597 1144 1603 ,

89 1621 196 1675 tamen
212 1613 356 1691 Latinis,
379 1615 611 1684 conscribitur.
656 1619 782 1686 Octava
804 1619 928 1680 demum
946 1611 1084 1676 uiliore
1148 1614 1149 1623 ’

91 1715 190 1778 habet
207 1729 338 1800 praeter
359 1722 460 1784 verba
481 1724 581 1786 bacca
604 1727 661 1792 hio
678 1731 728 1790 cst
745 1722 830 1787 liber
854 1716 1083 1788 &Benedicti

90 1819 340 1902 Floriacensis,
361 1845 460 1908 quern
480 1826 512 1886 si
533 1827 609 1907 quis
624 1823 773 1904 furatus
788 1820 928 1919 suomi,
950 1817 1002 1880 vel
1017 1815 1081 1878 cli·
1113 1824 1115 1830 ’

92 1920 180 2004 qnid
195 1923 332 2002 (malo)
358 1926 493 2008 ingenio
516 1926 651 2006 tulerit,
672 1924 855 1987 anatliema
868 1923 923 1986 sit.
966 1919 1078 1982 Porro

90 2019 147 2084 laic
168 2020 263 2086 etiam
286 2026 392 2088 codex
414 2017 486 2088 eum
508 2023 578 2088 aliis
600 2023 722 2102 multis,
752 2020 914 2088 Lutetiam
935 2043 954 2084 a
975 2018 1082 2104 victo·

90 2123 182 2188 ribus
197 2125 301 2190 Gallis
322 2139 434 2192 nostra
449 2141 551 2194 aetate
565 2129 736 2194 translatus
747 2129 870 2205 iuerat,
892 2125 939 2190 uti
951 2107 1083 2190 stemma
1098 2147 1102 2154 ’

91 2230 190 2292 docet
219 2231 456 2296 democraticae
491 2233 695 2300 Parisiorum
725 2231 959 2307 bibliothecae,
993 2229 1083 2314 quod

90 2329 126 2396 in
147 2334 345 2399 membranis·
357 2333 458 2400 minio
484 2335 582 2400 semel
612 2347 645 2400 et
668 2334 802 2410 iterum,
838 2332 927 2396 utin
948 2329 1085 2416 reliquis

92 2431 313 2526 ὃορυλήπτοις
340 2437 524 2515 Vaticanis,
557 2437 747 2520 impressum
780 2434 855 2500 fuit.
900 2436 965 2498 Sed
999 2433 1083 2514 enim

92 2539 237 2604 Phaedri
257 2541 488 2628 fragmentum,
517 2553 654 2624 propter
675 2561 762 2604 suam
784 2536 985 2612 tenuitatem,
1016 2537 1083 2602 Pa·

90 2641 179 2706 risiis
200 2662 266 2708 non
287 2657 335 2708 est
355 2644 531 2731 agnitum·
554 2643 683 2712 Etenim
705 2665 802 2729 quum
824 2638 1017 2706 Schwabius
1039 2641 1079 2702 de

91 2749 160 2811 boc
181 2748 251 2812 Ms.
275 2746 428 2815 dixisset:
475 2771 522 2828 cn
550 2751 650 2816 hodie
686 2760 778 2817 extet
802 2746 839 2810 in
849 2745 1083 2812 ,bibliotheca

92 2851 283 2928 Vaticana,
323 2874 369 2916 cn
392 2874 501 2936 nuper
533 2873 557 2916 α
585 2845 694 2918 Gallis
726 2873 806 2916 cum
831 2849 911 2911 aliis
936 2845 1082 2908 cimeliis

90 2949 243 3014 Parisios
267 2956 482 3019 transmissus
506 2955 567 3031 sit,
590 2975 659 3016 non
676 2960 832 3030 constat‚·
854 2942 1021 3012 adnotavit
1035 2940 1083 3006 ibi

91 3049 302 3117 Barbierius:
327 3075 367 3120 ee
392 3055 581 3118 manuscrit
603 3075 644 3118 ne
665 3055 742 3116 s'est
756 3071 820 3134 pas
834 3042 956 3114 tro'rivi
966 3047 1084 3130 parmi

93 3174 187 3218 ceux
210 3154 250 3220 dc
276 3155 315 3218 la
337 3151 566 3239 bibliotbdque
587 3154 634 3218 du
661 3153 833 3230 Vidistin,
870 3151 932 3235 qui
950 3157 1010 3212 ont
1031 3144 1083 3212 tri

92 3255 305 3336 apparitio
328 3257 434 3319 Paris.

12 3347 24 3378 ”
127 3365 129 3370 “
158 3354 259 3419 Aliud
280 3365 327 3418 est
348 3355 381 3419 in
402 3376 468 3440 quo
487 3363 612 3429 errant,
642 3355 722 3416 duce
746 3349 967 3428 Dcsbillonio,
1000 3369 1083 3414 non-

91 3457 190 3534 nulli,
213 3457 269 3544 qui
290 3455 323 3524 in
345 3456 547 3524 Floriacensi
569 3478 624 3520 scu
639 3455 731 3520 Petri
745 3453 889 3519 Danielis
904 3455 970 3518 hoc
991 3449 1100 3536 frag·'

91 3573 202 3626 mento
225 3564 302 3624 duas
325 3564 364 3625 de
384 3561 487 3634 tribus
505 3558 602 3644 pr'imi
623 3557 700 3623 libri
725 3555 921 3624 Phaedriani
938 3553 1083 3640 partibus

146 3819 170 3878 *J
189 3821 250 3880 Quia
269 3821 347 3868 Guido
366 3833 426 3876 opus
447 3835 517 3865 snum
535 3823 647 3876 episeopo
664 3818 779 3864 Arretino
792 3816 930 3862 Theodaldo
949 3813 1081 3868 inscripsit,

92 3894 185 3938 ideireo
206 3893 309 3938 tortasse
333 3880 472 3950 sigebertus
498 3891 638 3936 Arretinum
664 3890 724 3934 dixit
750 3888 894 3932 Gnidonsm.
935 3884 1008 3944 Atqui
1032 3897 1084 3926 mo·

92 3963 164 4010 sachi
189 3962 334 4018 praesertim
359 3959 449 4016 patrias
479 3971 534 4004 suas
564 3962 685 4006 deserunt.
723 3958 807 4010 Nonne
831 3969 871 4002 ax.
892 3967 931 4014 gr.
951 3953 1084 4001 Gerbsrtus

94 4035 184 4080 Gallus
197 4033 317 4078 bobiense
338 4031 362 4076 in
381 4029 450 4076 ltalia
467 4029 609 4075 coenobium
628 4025 746 4090 regebat?
