2816 4716
355 335 394 398 lo·

353 473 448 539 Licet
469 477 630 541 borreum
646 471 725 538 mrbi
742 483 866 558 pateat,
889 493 954 558 ego
974 471 1116 558 scalpam
1135 465 1263 541 tameo.

356 577 477 642 Risisse
500 580 580 644 luno
604 573 723 642 dicitur
746 575 885 676 Veneris
905 575 1001 653 ioco,

356 679 440 760 Quia
460 702 520 764 per
542 680 692 766 gallinam
714 679 879 746 denotavit
900 678 1045 744 seminas.

759 905 856 968 [san.
875 905 933 970 xc]

482 1025 873 1096 PATERFAMILIAS
904 1031 966 1096 ΕΤ
989 1025 1215 1096 AESOPUS.

531 1170 683 1243 'Quomodo
702 1170 844 1226 domanda
862 1176 902 1224 sit
912 1169 1008 1242 ferox
1027 1175 1165 1225 irroratus.

398 1276 633 1370 Piterramilias
655 1321 783 1365 saevum
804 1303 943 1366 babebat
963 1298 1076 1366 filium.

356 1405 462 1471 Hice
484 1415 659 1488 conspectu
683 1425 779 1489 quum
801 1403 903 1486 patris
924 1413 1119 1480 recesserat,

354 1505 557 1573 Verberibus
579 1526 692 1570 servos
714 1506 876 1571 alliciebat
893 1505 1039 1590 plurimis

355 1613 399 1675 Et
417 1603 587 1676 exercebat
607 1608 765 1674 fervidam
788 1608 1044 1674 adolescentiam.

355 1714 506 1797 Aesopus
524 1733 604 1798 ergo
628 1723 737 1776 narrat
758 1713 823 1776 hoc
843 1710 987 1775 breviter
1009 1709 1097 1800 seui:
1327 1714 1344 1774 5

243 1858 249 1874 1
356 1809 494 1896 Quidam
513 1813 651 1880 iuvenco
677 1814 816 1880 vetulum
839 1813 1032 1900 adiungebat
1052 1815 1182 1880 bovem.

356 1911 509 2004 Is'quum
527 1917 691 2003 refugiens
709 1916 827 2002 impari
850 1917 938 1983 collo
960 1915 1087 2003 iugum,

357 2019 484 2085 Aetatis
503 2031 672 2084 excusaret
690 2020 776 2084 vires
798 2020 982 2106 languidas,

355 2124 434 2186 Nou
457 2132 504 2186 est
523 2125 612 2206 quod
633 2121 761 2198 timeas,
784 2120 887 2208 iuquit
904 2122 954 2186 illi
975 2122 1152 2198 rusticuss-

355 2225 434 2288 Non
455 2234 490 2286 ut
510 2223 639 2288 labores
660 2222 770 2300 facio,
795 2226 852 2287 sed
870 2234 905 2286 ut
921 2223 1016 2288 istum
1038 2229 1165 2303 dornes,
1301 2231 1340 2291 10
1388 2215 1389 2218 “

356 2325 422 2408 Qui
445 2324 532 2390 ealce
554 2335 587 2390 et
610 2345 713 2390 cornu
735 2326 852 2391 multos
873 2325 979 2390 reddit
996 2327 1130 2394 debiles.

355 2431 401 2494 Et
421 2439 456 2494 tu
476 2427 538 2493 nisi
561 2427 654 2492 istum
675 2439 780 2493 tecum
806 2427 930 2494 assidue
952 2429 1087 2508 retines,

355 2531 529 2618 Feroxque
550 2530 713 2618 ingenium
736 2530 921 2616 comprimis
943 2521 1130 2612 dementis,

355 2632 460 2711 Vide,
483 2655 523 2698 ue
537 2634 672 2720 querela
689 2633 794 2700 maior
817 2647 981 2705 accrescat
1002 2639 1142 2702 domuso

355 2735 531 2804 Atrocitati
556 2741 761 2823 mansuetudo
784 2747 832 2802 est
850 2737 1040 2804 remedium.

444 2989 449 3002 ,
754 2940 852 3002 [sau.
873 2943 971 3005 sun,

453 3057 665 3125 AESOPUS
688 3061 750 3124 ET
773 3062 955 3129 VICTOR
980 3065 1237 3135 GYMNIGUS.

498 3175 642 3262 Quomodo
660 3197 861 3264 comprimatur
877 3197 1027 3267 aliquando
1042 3203 1192 3257 iactantia.

396 3316 567 3386 Victorem
591 3319 677 3388 sorte
702 3322 844 3409 gymnici
864 3325 1045 3395 certaminis

354 3421 582 3488 Iactantiorem
601 3448 698 3511 quum
718 3449 789 3492 csse
811 3426 943 3494 vidisset
959 3434 1098 3514 sophus,

354 3569 430 3625 Noae.
466 3569 628 3628 Quamobrem
649 3588 677 3617 es
705 3575 807 3620 libenter
835 3589 849 3620 a
875 3589 913 3621 ms
936 3579 1069 3636 argumenti
1088 3582 1126 3626 sui
1144 3589 1213 3625 eausa
1230 3585 1328 3636 praeler-

352 3641 505 3684 mittuutur.”
523 3642 585 3685 Mar.
633 3641 691 3700 (13)
708 3644 773 3704 ioco]
793 3646 814 3690 l.
836 3645 866 3690 C.
886 3669 919 3682 -·
937 3647 1006 3692 iocos
1022 3647 1097 3704 Neap.
1135 3649 1329 3710 (theodoro-

355 3715 425 3773 torut
441 3711 524 3758 Burm.
546 3711 575 3755 Z.

404 3779 464 3824 Fre.
484 3780 531 3824 xl.
580 3779 636 3837 (13)
666 3781 796 3842 Feroxque
825 3784 968 3845 ingenium]
997 3787 1061 3831 flare
1085 3801 1163 3832 msam
1181 3791 1329 3845 suspicionem

352 3846 434 3892 brmat
451 3863 512 3896 usuc
530 3849 585 3894 vat.
633 3850 718 3908 (lbid.)
736 3853 893 3914 cornprimis]
913 3858 968 3903 vat.
990 3881 1022 3892 --
1040 3859 1191 3914 comprimas
1209 3859 1281 3916 Nssp.

403 3919 463 3962 Fre.
483 3919 542 3966 xtt.
579 3920 617 3972 (1)
637 3920 761 3966 Victorem
769 3921 852 3981 soem]
872 3926 892 3973 l,
913 3926 943 3970 Z.
964 3949 996 3960 -
1014 3923 1087 3970 Forte
1105 3929 1163 3972 sict.
1183 3931 1238 3974 Vat.
1258 3929 1325 3984 Noas.

352 3983 390 4042 (2)
409 4001 482 4045 qaum
503 4003 558 4036 sus
572 3989 677 4037 vidisset
689 3990 794 4052 sophus]
812 3995 840 4038 C.
855 3996 885 4040 z.
904 4019 937 4029 -
955 4009 1029 4054 quum
1038 3996 1146 4041 uidisset
1156 3997 1265 4056 Aesopus
1277 4001 1325 4042 Vnt.
