2816 4716
1067 394 1107 456 5⁵

120 531 139 566 ¹*
165 519 302 600 Reddit,
325 546 390 590 non
410 525 532 608 perdit,
557 527 613 612 qui
630 529 719 591 suum
746 528 888 614 quoique
909 528 1034 595 tribuit.

119 633 138 668 *
165 629 229 690 Sua
248 625 313 713 qui
310 640 445 704 servat,
468 629 534 693 suis
553 641 662 692 servat
683 631 875 698 communia.
1067 635 1109 696 20

164 729 249 794 Satis
272 743 319 794 est
340 733 466 795 hostem
491 753 661 846 superaret
684 732 844 798 nimiumst
860 737 1010 818 perdere.

164 835 328 916 suspicax
348 834 468 898 animus
492 835 631 900 omnium
634 811 778 900 damnat
798 836 908 902 fidem.

164 935 313 1040 Suspicio
344 941 453 1020 probo
480 937 605 1044 homini
636 939 838 1023 (probatist
864 941 1062 1024 probator)

624 1041 721 1106 tacita
744 1042 904 1108 iniuriast.

164 1145 248 1208 Satis
268 1145 434 1221 disertust‚
458 1167 475 1209 e
499 1163 565 1230 quo
585 1145 730 1230 loquitur
751 1146 884 1230 veritas

52 1293 65 1308 .
165 1248 242 1311 Tuti
265 1260 336 1312 suut
360 1265 485 1323 omnes3
509 1269 588 1310 unus
609 1247 666 1311 ubi
689 1249 898 1315 defenditur.‹
1064 1251 1105 1316 25

163 1351 231 1416 Ubi
250 1351 383 1416 libertas
405 1350 539 1427 ειιοίιίἱῑ,Ι
563 1355 656 1416 arrdet
674 1353 801 1416 uemo'
838 1353 898 1439 juia
971 1399 974 1405 -
1172 1338 1175 1351 ¹

93 1447 101 1453 ’
161 1454 243 1518 Vita
264 1454 369 1520 otiosa
387 1465 552 1539 regnumst
575 1465 606 1518 et
628 1476 723 1520 curae
748 1444 897 1538 minussp

163 1555 229 1622 Ubi
244 1577 353 1622 omnes
370 1561 521 1640 peccant,
544 1579 616 1640 spes
632 1559 782 1644 querelae
798 1559 937 1625 tollitur.

162 1662 207 1737 Ut
227 1660 337 1743 plures
357 1660 580 1746 corrigantur,
601 1660 663 1724 rite
678 1661 801 1744 (recte)
821 1685 900 1726 unus
920 1663 1052 1748 periet).

119 1771 138 1806 *⁸
163 1762 290 1828 Virtuti
308 1763 398 1829 omni
417 1763 644 1847 impedimento
667 1765 766 1828 falsus
786 1777 834 1830 est
852 1769 972 1850 pudor.
1065 1769 1107 1832 30

162 1867 228 1932 Ubi
244 1866 385 1946 iudicat,
408 1866 466 1952 qui
489 1878 633 1944 accusat,
657 1867 722 1946 vis,
746 1869 903 1946 ueniere,
926 1869 1026 1935 valet.

117 1972 137 2008 ⁴*
162 1970 229 2037 Ubi
247 1991 332 2034 emas
353 1969 471 2048 aliena,
494 1969 659 2056 disperdes
681 1993 806 2055 semper
825 1983 893 2037 tua.

174 2159 350 2224 Praeterea
364 2151 498 2244 egregie
513 2159 692 2225 restituitur
704 2183 738 2226 v.
758 2162 774 2225 7
779 2161 832 2226 68.
856 2161 987 2228 Orellii.
1010 2161 1105 2244 (cfr.

118 2261 273 2328 usurum
293 2283 329 2344 p.
349 2261 441 2340 ιιι.)

162 2383 228 2449 Ubi
245 2382 291 2446 nil
310 2367 455 2460 timetur,
478 2383 568 2468 quod
585 2375 752 2470 timeatur,
774 2385 930 2452 nascitur.

183 2575 301 2640 Codex
319 2583 423 2637 autem
443 2569 636 2636 Basileeusis
657 2573 715 2636 has
735 2571 938 2656 potissimum
959 2575 1106 2643 emenda·

118 2677 222 2744 tiones
243 2674 524 2742 sumministravitt

161 2803 290 2866 Bonum
302 2803 391 2887 quod
400 2810 458 2878 est,
473 2795 694 2882 supprimitur,
703 2819 868 2886 ¹nunquam
878 2799 1105 2886 exstinguitur.

160 2905 269 2968 Breve
289 2922 446 2967 venenum
464 2900 534 2986 ipsa
555 2913 603 2966 est
624 2902 779 2967 memoria
799 2902 995 2968 iracundiae.
1064 2904 1105 2967 35

160 3005 315 3072 Facilitas
332 3005 428 3070 animi
446 3009 485 3070 ad
503 3016 627 3088 partem
645 3005 796 3070 stultitiae
816 3006 977 3090 sapit..

160 3108 257 3176 Facit
277 3121 403 3195 gratum
425 3111 589 3186 Fortuna,
613 3131 710 3196 quum
728 3129 822 3176 nemo
846 3110 948 3175 videt

159 3217 304 3280 I'ortuna
321 3217 490 3278 humanum
510 3211 697 3300 plusquam
718 3213 886 3278 consilinm
906 3213 1005 3278 valet.

160 3315 316 3382 Graviust
332 3317 464 3400 malum,
488 3312 573 3382 comi
593 3319 682 3402 quod
704 3329 835 3400 aspectu
855 3317 949 3384 latet.

158 3423 336 3508 Ignoscere
347 3417 558 3496 homiuumst‚
573 3417 635 3483 nisi
645 3421 745 3505 pudet
755 3419 835 3508 quoi
845 3419 1038 3508 ignoscitur.
1062 3421 1105 3484 40

470 3567 492 3604 u
598 3600 617 3672 *ἶ
725 3559 744 3598 ἢ

179 3703 358 3768 Admonuit
373 3726 421 3770 me
436 3723 538 3787 nuper
553 3700 694 3785 optimus
710 3703 829 3768 amicus
840 3703 1002 3769 Bardilius
1012 3704 1102 3788 prin-

114 3805 221 3890 cipem
240 3806 411 3872 editionem
431 3805 617 3872 Germanici
633 3805 769 3890 proprie
783 3829 850 3872 non
864 3829 932 3874 esse
944 3811 1102 3873 Venetam

169 3989 195 4049 1)
214 3993 240 4038 la
258 3997 309 4038 ert:
330 3999 374 4048 „et
390 3993 415 4040 iu
433 3993 512 4037 otiosa
529 3993 579 4038 vita
596 3997 722 4048 praeterea
740 3991 818 4036 minus
834 3997 907 4036 curae·
928 3999 965 4039 est
985 4008 1060 4054 quam·
1078 3995 1101 4041 in

112 4064 216 4122 regno?
251 4061 280 4122 2)
299 4063 347 4108 rite
366 4069 390 4110 et
407 4068 473 4108 recte
491 4063 515 4108 ir
533 4063 610 4108 Codd.
630 4064 717 4121 ubique
736 4067 910 4120 permutantur.
