2846 4736
1068 345 1122 408 il

129 501 185 552 ego
209 481 393 536 adsertores
418 481 524 536 ventae
547 484 596 538 vel
614 501 670 538 uon
694 482 824 552 idoneus,
856 490 914 538 siue
941 483 1127 538 satisdatione

129 586 227 630 tamen
245 581 344 642 venio,
362 583 390 628 et
409 578 534 646 Augusti
551 577 679 630 libertum
697 579 744 630 vel
761 579 920 638 libertinum
934 584 1044 652 potius,
1061 583 1127 648 pri-

130 679 219 723 vatus
230 669 282 722 baa
300 675 385 721 etiam
394 680 477 740 parte
496 671 651 724 testabilem
663 671 815 744 publieique
832 677 902 734 iuris
912 671 1015 744 facio:
1037 679 1067 722 tu
1085 671 1127 724 illi

132 764 214 815 adsis
238 782 272 815 ac
289 758 401 834 faveas
428 764 525 830 modo,
556 769 602 835 qut
620 773 649 817 et
664 771 783 836 poeticis
800 765 991 836 volrcptatibus
1009 781 1090 816 aures
1110 785 1128 817 a

121 855 244 929 forensi
266 861 419 927 asperitate
445 863 586 928 respirare
613 876 667 910 nou
695 866 830 928 ignoras,
864 867 892 911 et
919 857 970 911 hoe
993 856 1129 932 figmenti

132 969 225 1020 genus
242 969 261 1000 a
283 955 346 1002 veri
367 947 577 1020 professoribus
596 970 678 1023 usque
700 951 770 1004 adeo
792 970 848 1004 uon
867 971 925 1004 esse
944 953 1074 1018 alienum,
1097 961 1129 1004 ut

130 1063 150 1094 a
172 1043 288 1095 Socrate
311 1048 372 1112 ipso
398 1045 503 1116 Aesopi
524 1046 630 1122 λόγους
655 1046 781 1098 versibus
807 1046 932 1099 redditos
953 1045 1037 1098 Cebes
1055 1045 1130 1118 apud

130 1135 277 1192 Platonem
298 1141 329 1188 tn
346 1155 379 1189 os
396 1136 565 1192 laudaverit.
604 1140 702 1210 Have,
720 1145 758 1192 rut
762 1137 883 1210 frater,
903 1148 933 1192 et
949 1145 1024 1192 inter
1043 1143 1128 1192 istam

128 1231 271 1302 publicam
289 1230 360 1282 luem
379 1231 457 1282 salve
478 1249 513 1284 aa
533 1227 608 1286 vals.
806 1293 808 1304 Ι
978 1261 980 1265 -

187 1323 340 1380 Tricasstb.
367 1323 406 1379 X.
433 1324 692 1396 iilis-inpunitus
717 1324 773 1380 reb.
795 1327 933 1397 prolatis,
953 1345 1019 1382 aaa.
1058 1329 1126 1396 ω.

131 1418 184 1475 10.
203 1418 310 1474 XCVI.

189 1519 270 1587 (pag.
291 1509 408 1585 67-69.)
426 1513 459 1568 V
455 1511 539 1567 ETV
536 1510 644 1586 STISS.
658 1509 1126 1590 CODICISSCRIPTVM.(noi1

130 1617 233 1660 tamen
252 1599 395 1680 integra.)
431 1605 467 1662 In
486 1603 562 1662 fines
583 1596 667 1658 versu
685 1607 781 1658 ultimo
800 1605 982 1674 F1n1ne,sia
1001 1617 1061 1662 vet.
1080 1627 1125 1662 ex.

133 1701 198 1752 Cat.
218 1697 309 1773 (non,
330 1709 364 1754 ut
382 1699 473 1756 refert
492 1697 622 1774 Bergcr:
643 1707 701 1752 oet.
720 1717 756 1750 ee
772 1700 848 1766 Cat.)
867 1706 897 1752 tu
910 1719 962 1771 quo
978 1699 1127 1772 paseleano

127 1801 303 1866 postremam
328 1793 428 1846 lincam
453 1793 568 1844 abscissi
596 1798 734 1864 sequentis
755 1799 883 1864 proxima
900 1793 974 1866 solii
1001 1799 1126 1864 vestigia

132 1894 244 1942 extant.

197 2018 264 2080 Iam
288 2039 382 2100 quum
405 2039 496 2081 nemo
519 2021 638 2093 adhtrc,
673 2039 711 2081 ne
733 2019 859 2102 Berger
881 2017 1024 2101 quidem,
1056 2040 1125 2083 om·

133 2141 204 2184 nem
228 2121 394 2193 lectionem
417 2123 480 2184 Ed.
504 2121 653 2203 principis
676 2132 850 2196 enatasset,
883 2123 982 2196 unde,
1008 2133 1042 2183 ut
1069 2121 1124 2197 fit,

133 2224 309 2305 permultae
330 2223 539 2288 dubitationes
562 2226 598 2286 de
621 2245 683 2298 eo,
709 2226 794 2308 qttod
816 2244 850 2286 re
872 2243 948 2286 vera
970 2223 1126 2290 Pithoeus

133 2327 188 2388 vel
214 2328 409 2388 emendasset
438 2327 489 2388 vel
518 2325 609 2388 etiam
639 2327 858 2408 corrupisset,
904 2337 997 2408 atque
1026 2327 1125 2389 omnis

133 2427 263 2512 generis
285 2448 410 2490 errores
426 2429 488 2491 orti
504 2440 610 2504 erant,
635 2428 710 2492 nihil
726 2428 881 2512 antiquius
895 2427 1008 2504 habui,
1034 2449 1125 2512 quiam

134 2543 169 2592 ut
189 2530 301 2594 sedulo
323 2551 381 2612 per
402 2541 502 2594 totum
529 2529 677 2595 editionis
698 2543 819 2613 tempus
842 2542 1022 2593 excuterem
1046 2531 1126 2594 Ber·
1179 2572 1181 2581 ι

133 2654 229 2696 nense
253 2633 414 2716 exemplar
443 2655 460 2694 a
488 2635 591 2716 capite
613 2637 652 2696 ad
673 2634 788 2696 calcem
812 2654 828 2694 a
851 2632 1032 2715 Bongarsio
1056 2655 1126 2696 curu

133 2735 206 2818 ipso
236 2734 321 2804 Cod.
351 2736 530 2806 Pithoeano
560 2736 727 2814 collatum,
762 2727 849 2798 cuius
879 2735 1025 2799 varietati
1051 2733 1126 2798 satis

136 2850 283 2902 accurate
305 2850 449 2906 enotatas
470 2832 541 2902 sn'as
571 2858 699 2922 quoqne
720 2835 850 2900 inseruit
879 2836 998 2920 aliquot
1020 2836 1126 2898 conie-

136 2953 243 3004 cturas
257 2953 288 3004 et
303 2941 518 3023 suspiciones,
543 2962 626 3004 nune
637 2943 762 3013 demum
776 2939 933 3004 inventori
954 2939 1125 3002 restitutas.

88 3086 92 3092 ·
134 3029 315 3128 Pleraeque
337 3043 483 3108 videlicet
503 3043 562 3106 iem
584 3055 678 3107 notae
697 3054 814 3134 erant,¹
839 3045 895 3106 sed
917 3041 983 3106 eliis
1005 3041 1125 3104 tribue·

135 3146 265 3209 bantur.
307 3147 382 3210 Non
405 3145 497 3208 alium
520 3158 621 3209 etitem
644 3167 736 3229 quam
752 3145 814 3210 cd.
830 3146 1041 3212 Pithoeanum'
1063 3157 1127 3206 tra·

134 3259 252 3310 etatum
270 3269 338 3312 esse
360 3248 573 3333 aBongarsio
588 3269 652 3312 non
667 3250 768 3314 solum
783 3248 854 3312 inde
870 3259 1015 3330 apparet,
1040 3249 1127 3330 qitod

134 3362 264 3432 praeter
293 3353 369 3414 duas
397 3361 503 3414 tresve
531 3350 703 3440 levissimas
732 3350 900 3414 varietates
927 3351 959 3413 in
981 3349 1126 3413 omnibus

134 3453 293 3516 consentit
314 3453 385 3525 eius,
408 3453 538 3528 collatio
561 3475 630 3515 cum
653 3453 846 3537 Bergeriana
879 3451 1007 3518 omnino
1035 3473 1127 3514 aceu-
1195 3513 1197 3520 ,

133 3556 277 3632 ratione,
311 3538 378 3620 sed'
395 3542 435 3618 eir
464 3577 508 3620 eo
534 3555 684 3631 maxime,
711 3559 796 3638 quod
818 3555 848 3618 in
870 3557 931 3618 fine
953 3555 1031 3618 haec
1051 3556 1127 3616 snb·

135 3657 284 3740 scripsit:
313 3658 499 3742 ,Sequitur
527 3658 563 3720 in
583 3667 615 3720 ὐ.
637 3679 667 3719 c.
690 3658 821 3720 libellus
842 3659 882 3722 de
904 3657 1009 3722 variis
1031 3677 1125 3720 mon-

132 3760 220 3824 stris
254 3781 295 3822 ac
324 3761 493 3844 portentis
525 3772 557 3824 et
578 3757 721 3851 salientis
744 3763 955 3826 Graecorum
986 3771 1019 3822 et
1056 3756 1125 3820 al.''

132 3864 264 3946 Magno
287 3863 462 3926 adiumento
486 3875 586 3926 entem
608 3863 865 3946 pretiosissimum
887 3866 949 3926 hoe
967 3860 1126 3941 exemplar

131 3963 287 4032 misissit
302 3968 340 4028 ml
362 3965 545 4048 opusculum
568 3987 668 4030 meum
692 3988 810 4032 cacum
830 3963 1039 4042 accuratione,
1063 3983 1126 4047 quse
