2752 4718
76 449 164 514 Olim
186 469 281 536 quum
304 449 479 532 adscriptus
502 451 623 514 venerit
643 473 765 534 poenae
787 454 865 520 dies.

75 553 143 614 Sed
164 573 203 614 ne
224 550 308 635 ignis
328 564 438 616 noster
458 553 594 618 facinori
615 555 819 635 praeluceat,

73 655 147 718 Por
167 675 260 738 quem
281 657 442 728 verendos
459 655 577 720 excolit
597 655 697 738 pietas
711 660 811 736 «deos,
1032 663 1073 726 10

71 757 166 820 Veto
187 777 256 818 esse
277 756 338 818 tale
359 756 483 820 luminis
505 757 740 823 commercium.

71 859 128 921 Ita
148 858 242 921 hodie
265 879 324 920 uec
344 859 502 924 lucernam
524 863 563 924 de
583 861 706 924 flamma
729 863 821 926 dedan

70 962 148 1024 Nec
169 963 207 1023 de
229 961 357 1024 limerna
377 961 426 1026 fas
448 974 496 1026 est
517 963 648 1026 accendi
668 983 806 1029 sacrum.

117 1063 208 1144 Quot
228 1084 281 1126 res
303 1053 462 1130 contineat
482 1067 546 1130 hoe
567 1078 784 1150 argumentum
806 1068 941 1146 utiles„

71 1167 154 1229 Non
175 1164 349 1246 explicabit
370 1167 464 1243 alius,
489 1189 580 1263 quam
603 1167 656 1251 qui
677 1170 832 1252 repperit.
1030 1173 1069 1236 15

72 1265 242 1350 Significat
263 1267 367 1349 primo
388 1289 503 1352 saepe,
527 1291 608 1356 quos
629 1269 698 1352 ipse
719 1271 851 1351 eluerit,

74 1368 156 1432 Tibi
175 1368 309 1432 inveniri
331 1371 462 1437 maxime
485 1373 680 1448 contrariom

73 1475 224 1536 Secundo
247 1472 382 1536 ostendit
402 1463 608 1540 aceleiauon
629 1475 675 1538 ira
697 1477 807 1554 deum,

75 1576 229 1638 Fatorum
252 1574 338 1640 dicto
359 1577 414 1640 sed
435 1575 541 1658 puniri
562 1589 725 1658 tempores

75 1677 258 1746 Novissime
279 1677 453 1756 interdicit,
477 1696 517 1743 ne
538 1700 608 1742 cum
630 1678 774 1743 malefico

75 1780 177 1843 Usum
198 1777 302 1844 bonus
324 1781 492 1848 consociet.
508 1780 599 1846 ullius
621 1783 683 1844 rei.

474 1999 572 2062 [ran.
593 2001 672 2060 mn]

306 2093 466 2251 clunes
488 2149 597 2214 ESSE
619 2149 844 2213 DIVITIAS.

119 2290 208 2370 Opes
229 2288 349 2352 invisae
370 2289 482 2352 merito
504 2301 575 2352 srmt
595 2287 674 2354 forti
697 2287 786 2364 viro,

77 2391 162 2470 Quia
182 2391 272 2454 dives
293 2412 366 2453 arca
388 2413 492 2454 veram
516 2392 636 2454 landem
658 2389 829 2472 intercipit.

119 2493 221 2558 Caelo
243 2505 390 2575 receptus
411 2505 544 2576 propter
566 2493 713 2555 virtutem
727 2493 891 2572 ‚Hercules

78 2595 183 2674 Qumn
207 2597 401 2680 gratulantes
421 2597 647 2678 persalutasset
669 2597 764 2669 deos,
889 2580 891 2588 '

76 2697 236 2760 Veniente
259 2699 376 2774 Pluto,
400 2699 455 2783 qui
476 2698 640 2762 Fortunae
662 2709 710 2759 est
731 2697 833 2770 filins,
1052 2701 1072 2764 5

75 2799 205 2863 Avertit
226 2801 351 2864 oculos.
395 2800 530 2864 Causam
553 2799 707 2884 quaesivit
728 2810 832 2886 pater.

80 2901 161 2978 Odi,
184 2901 307 2986 inquit,
331 2902 437 2978 illum,
461 2901 533 2985 quia
556 2903 644 2964 malis
667 2900 783 2964 amicus
804 2912 852 2964 est

79 3003 241 3088 Simulque
264 3003 391 3068 obiecto
414 3016 523 3068 cuncta
545 3004 720 3086 corrumpit
740 3003 845 3068 lucro.
947 3005 949 3010 ’

78 3263 206 3310 Pithoeum
233 3269 257 3308 et
273 3265 450 3322 Religentem,
479 3263 517 3320 qui
544 3277 588 3306 nou
606 3264 752 3316 (simpliciter
774 3263 900 3318 exscripsit
922 3264 1076 3318 appendicem

74 3333 168 3390 Billa,
199 3339 296 3378 notasse
321 3333 346 3379 h.
362 3321 522 3394 l.‘coleuclus.
569 3331 659 3376 Contra
679 3333 736 3376 nihil
755 3333 873 3390 eiusmodi
893 3346 906 3376 s
926 3333 995 3378 Rem.
1018 3333 1076 3377 affe-

78 3407 135 3446 rent
157 3401 220 3448 Gud.
249 3407 273 3450 st
299 3403 369 3448 Viuc.
406 3401 459 3457 (12)
476 3401 514 3444 Itu
538 3399 620 3460 hodie]
639 3402 755 3460 Bongara.
774 3402 863 3462 Rigalt.
883 3401 928 3446 Ed.
952 3398 976 3446 2.
997 3401 1022 3448 S.
1041 3409 1075 3438 ὁ-

77 3471 163 3530 Ituqus
181 3469 253 3516 hodie
270 3473 299 3517 P.
320 3473 350 3516 ll.
374 3485 398 3528 p.
447 3471 532 3528 (lbid.)
550 3469 689 3524 lucernum]
706 3485 730 3527 p.
758 3471 959 3516 S.-·1uccrnu
983 3471 1014 3516 P.
1043 3470 1074 3516 ll.
1139 3514 1143 3526 ,

77 3538 134 3598 (tt)
152 3538 218 3600 quot]
237 3555 262 3596 p.
283 3543 308 3588 S.
328 3563 357 3574 —
377 3540 442 3600 quod
458 3542 488 3586 P.
508 3540 536 3584 fl.
573 3537 625 3594 (18)
643 3537 766 3599 Secundo]
782 3541 869 3600 lligelt.
889 3542 915 3586 S.
936 3564 968 3574 -
986 3553 1075 3584 secuu-

73 3609 137 3654 dum
155 3609 185 3655 P.
205 3611 235 3654 R.
259 3625 283 3666 p.
322 3611 435 3658 Ceterum
459 3611 566 3654 ordinem
584 3623 695 3654 versuum
713 3612 836 3656 constituit
849 3611 978 3658 Pithoeus:
999 3609 1026 3653 ln
1042 3607 1072 3654 P.

76 3679 108 3722 R.
130 3685 165 3722 est
184 3681 309 3740 inversus:
340 3679 380 3728 19.
397 3679 517 3743 ,Futurum
535 3705 569 3716 ·-
590 3677 631 3724 18.
650 3678 791 3724 Secundum
810 3705 819 3716 ·
838 3706 867 3725 ·.
904 3677 945 3734 (21
966 3697 1000 3712 -
1016 3689 1074 3720 con·

75 3747 153 3793 solist
168 3749 198 3794 Ρ.
217 3763 241 3808 ς.

130 3817 188 3862 Fue.
219 3819 280 3864 ΧΠ.
317 3817 354 3875 (3)
381 3843 414 3854 -·
438 3817 556 3863 Herculis
574 3817 603 3860 ll.
651 3814 689 3874 (5)
708 3815 824 3872 Veniente
843 3815 923 3875 Pluto]
943 3827 966 3872 p.
985 3815 1011 3858 S·
1041 3837 1074 3850 -

73 3887 184 3940 cenanti
209 3887 282 3934 Pluto
307 3890 337 3934 ll.
368 3888 404 3944 (ut
429 3889 521 3952 videtu}
548 3902 560 3932 e
588 3887 650 3932 Gud.
672 3893 696 3934 et
713 3887 797 3945 Vise.)
817 3887 899 3934 nevel.
920 3907 949 3920 -
968 3881 1075 3929 venienti
1128 3899 1131 3906 ·

74 3954 180 4004 Plutone
196 3957 226 4004 P.
