2776 4718
324 318 506 386 152·

319 455 487 544 perrenit,
510 465 674 542 acceptum
695 455 787 532 lerna
809 449 976 520 mbabcris
998 451 1124 540 quidem
1152 451 1314 540 antiqnita-

318 571 402 640 tem,
426 561 483 626 scd
503 559 628 625 ridebis
648 557 849 644 turpissimos
870 577 1017 634 errores,
1042 557 1138 624 immo
1159 577 1257 641 saepe
1273 567 1315 620 tr-

318 663 383 745 les,
404 663 439 728 in
461 662 576 750 quibus
597 661 758 728 soluendis
779 682 844 728 ncn
865 681 976 744 parum
999 657 1176 726 laborabis.
1234 659 1315 726 Scri·

317 777 400 852 ptus
412 764 468 830 ille
485 787 551 832 non
571 765 664 830 litera
685 748 822 832 rotunda
838 762 999 830 monacbis
1021 763 1154 840 usitate,
1176 785 1239 849 qna
1266 784 1315 828 rc·

318 869 404 934 dices
426 869 479 949 alii
500 868 706 952 manuscripti
721 865 864 932 minimae
884 865 1076 952 antiquitatis
1090 877 1163 930 sunt
1178 865 1312 940 exaratit

315 989 384 1038 non
402 971 682 1057 'Longobsrdica,
720 991 783 1057 qua
810 969 863 1034 alii
895 970 1017 1034 mediae
1044 969 1230 1046 vetustatis,
1267 970 1315 1032 sed

316 1074 409 1140 litera
430 1075 595 1150 Romana,
618 1093 713 1160 quam
735 1073 901 1156 capitalem
924 1063 1060 1147 vocant,
1086 1073 1258 1136 multorum
1272 1091 1314 1136 se·

232 1199 233 1204 ’
315 1178 465 1243 cnlonsm
496 1177 640 1260 praefert
667 1161 903 1241 auctoritatem.
958 1173 1094 1258 Scriptis
1107 1174 1138 1238 in
1170 1195 1211 1238 ec
1246 1185 1313 1238 sunt

317 1299 431 1345 versus
452 1301 517 1345 non
532 1278 751 1370 coniunctim,
782 1281 840 1343 sed
862 1277 1045 1362 dispersim,
1084 1277 1180 1346 etita
1203 1277 1315 1341 utsin·

318 1381 403 1468 gulis
422 1381 549 1470 paginis
565 1373 726 1466 ²qnaterni
752 1381 854 1446 ferme
882 1395 935 1446 aut
957 1379 1044 1465 quini
1064 1391 1186 1444 tentum
1208 1379 1313 1444 inseri·

315 1469 487 1550 berentnra
511 1505 592 1571 qnae
605 1485 669 1550 tuit
691 1483 837 1574 occasio,
860 1497 895 1549 nt
910 1495 1034 1567 postea,
1052 1504 1149 1568 quum
1167 1472 1228 1547 iam
1244 1503 1312 1546 usus

309 1595 350 1655 fet
381 1585 525 1674 cognitio
553 1588 718 1652 literarum
751 1590 977 1674 quadratorum
992 1586 1216 1664 ‘exolevisset‚
1241 1586 1312 1648 alius

317 1689 473 1776 quispiam
494 1689 600 1776 spatio
623 1702 755 1755 vocante
777 1693 906 1756 eusdem
929 1711 1042 1754 versus
1063 1689 1148 1752 nulla
1171 1687 1312 1756 mestatic-

315 1811 358 1857 no
380 1793 478 1858 literis
499 1795 737 1860 monachalibus
759 1777 979 1876 descripserit}
1033 1793 1101 1856 Hic
1122 1791 1217 1856 etiam
1244 1813 1313 1858 rnn-

315 1895 406 1960 tinne
427 1897 528 1960 series
547 1896 720 1980 imaginum
741 1895 916 1960 intertexto
935 1897 1064 1978 dirupta
1078 1895 1257 1960 traiectioni
1271 1895 1327 1958 lc··

310 2017 390 2062 cum
412 1997 517 2075 dedit,
540 2017 635 2084 quam
657 1998 689 2060 in
711 1997 795 2062 notis
813 1995 930 2062 nostris
957 1995 1176 2062 indicabimus.
1220 1998 1314 2064 Immo

316 2100 431 2181 edam,
467 2121 564 2184 quum
593 2099 625 2163 iu
656 2098 801 2164 Geminis
825 2111 856 2162 et
886 2099 1015 2166 Cancro
1042 2097 1151 2164 fabula
1180 2103 1311 2177 deesset,

315 2199 466 2268 homines
490 2201 603 2266 insulsi
630 2219 700 2268 caru
724 2223 766 2265 ex
792 2199 920 2268 Avieno
943 2203 1167 2268 emendicatam
1189 2205 1314 2268 Germa·

319 2302 395 2373 nico
428 2302 645 2382 inseruerunt,
682 2325 723 2368 ne
754 2304 832 2390 quid
863 2306 988 2368 deesset
1013 2308 1053 2369 ad
1074 2318 1248 2372 extremam
1267 2309 1314 2370 de·
1363 2357 1366 2364 .

321 2405 484 2477 mentiare.
541 2407 593 2472 Ita
606 2393 692 2484 illi,
727 2409 800 2472 dum
822 2407 1014 2492 imaginibus
1038 2395 1112 2473 suis¹
1133 2409 1311 2484 consulunt,

315 2504 493 2574 <auctorem
506 2523 782 2588 conservaverunt
800 2511 944 2595 quidem,
968 2513 1024 2576 sed
1043 2515 1087 2576 ita
1101 2512 1310 2595 perdiderunt,

214 2681 218 2690 ,
318 2623 355 2678 nt
369 2612 421 2677 sui
438 2611 548 2678 similis
563 2633 628 2680 non
643 2624 739 2708 esset.
783 2613 974 2700 Nostraque
990 2635 1032 2678 ex
1046 2615 1236 2680 editionibus
1250 2615 1312 2679 vul·

317 2713 402 2802 gatis
428 2725 460 2780 et
478 2717 694 2800 manuscripto
716 2737 808 2780 cnam
829 2715 1052 2782 concinnantes
1069 2717 1255 2797 editionem,
1285 2717 1312 2780 in

319 2815 456 2904 singulis
470 2819 615 2884 versibus
630 2841 700 2885 eam
718 2819 888 2886 lectionem
902 2821 1001 2886 secuti
1015 2839 1137 2899 snmus,
1161 2843 1244 2907 quae
1262 2841 1312 2886 ee·

319 2919 390 2986 rior
415 2932 448 2986 et
468 2921 667 2988 commodior
688 2921 776 2998 visa:
800 2922 968 3008 aliquando
995 2945 1091 3009 quum
1113 2936 1225 2992 neutra
1246 2943 1313 2990 vera

319 3026 424 3101 esset,
462 3024 646 3088 alterutram
675 3024 845 3110 elegimus,
874 3027 908 3090 in
929 3025 1015 3091 notis
1034 3027 1152 3103 nostris
1177 3025 1311 3108 lectionis

319 3124 489 3198 veritatem
507 3137 561 3190 aut
575 3149 617 3192 ex
637 3127 805 3212 utriusque
816 3127 1048 3212 commixtione
1065 3142 1122 3194 aut
1142 3151 1184 3194 ex
1204 3141 1308 3196 nostro

318 3225 626 3311 temuopmlauri.
669 3230 794 3295 Versus
815 3231 995 3314 superfluos
1008 3228 1228 3312 „resecuiinu's3
1249 3253 1311 3309 ecs,

314 3327 378 3415 *qni
390 3331 547 3408 deessent,
561 3330 789 3412 substituimus,
813 3337 869 3398 sed
882 3355 946 3399 non
958 3347 1108 3400 ettamen
1122 3337 1259 3414 audacis,
1281 3337 1311 3400 ut

320 3430 415 3496 nobis
435 3429 468 3495 in
494 3432 641 3498 omnibus
667 3436 754 3504 credi
781 3437 992 3521 prandemus.
1038 3439 1147 3522 Quare
1168 3441 1206 3506 in·
1229 3449 1310 3505 notas

321 3544 452 3630 nostras
467 3554 592 3602 omnem
605 3537 777 3629 lectionum
792 3539 976 3608 varietatem
990 3542 1174 3618 retulimus,
1197 3545 1311 3610 eadem·

323 3651 386 3722 qua
402 3631 440 3702 de
454 3659 551 3704 eausa
561 3639 662 3709 nullst
679 3633 733 3707 aut
745 3641 948 3728 paucissimas
963 3659 1080 3732 easque
1090 3643 1311 3712 certissimasin

323 3749 443 3840 testeum
456 3739 642 3826 retulimus,
665 3747 722 3811 sed
736 3749 776 3811 ad
790 3755 883 3813 notas
897 3747 1131 3822 reservavimus
1146 3755 1220 3818 cet.¹

732 3943 916 3963 m-

669 3989 717 4006 r,
821 3975 842 4020 ’,Δ
896 3991 954 4003 ,¹
