2846 4736
502 607 598 667 [ran.
618 612 681 674 un]

317 753 558 820 SOCRATES
581 759 655 824 AD.
668 761 859 833 AMICOS.

128 895 277 978 Vulgare
300 895 391 959 amici
413 917 542 973 nomen,
569 903 623 962 sed
644 921 715 965 rara
738 915 786 966 est
807 905 897 970 fides.

87 996 195 1076 Quum
218 1019 331 1082 parvas
354 1001 445 1062 aedes
468 999 527 1063 sibi
548 1002 710 1066 fundasset
732 1006 900 1084 Socrates,

88 1101 205 1181 (Cuius
228 1123 291 1165 non
312 1101 404 1186 fugio
426 1114 559 1166 mortem
583 1105 609 1167 si
630 1106 743 1170 sarnam
767 1112 942 1194 adsequar,

89 1209 133 1270 Et
156 1209 236 1271 cedo
257 1206 410 1282 invidiae,
435 1209 610 1290 dummodo.
627 1211 778 1274 absolvar
799 1212 919 1294 cinisa)

90 1312 144 1373 Ex
167 1310 290 1392 populo
312 1309 357 1372 sie
378 1291 485 1372 neseio
508 1311 596 1392 quis,
619 1323 654 1373 ut
675 1313 743 1376 fieri
765 1316 866 1380 solet:
1064 1322 1084 1384 5

91 1415 240 1494 Quaeso,
263 1425 326 1476 tam
348 1423 509 1498 angustam
532 1411 603 1476 talis
626 1413 675 1476 vir
697 1415 788 1496 ponis
811 1419 962 1484 domum?

90 1517 240 1594 Utinam,
263 1515 381 1602 inquit,
405 1515 489 1580 veris
512 1517 592 1578 hane
613 1517 718 1580 amieis
740 1517 902 1601 impleam!

503 1734 598 1796 [ran.
618 1735 671 1797 ru]

109 1843 353 1951 renunes
382 1883 601 1950 canneru
624 1887 687 1949 ar
708 1885 806 1951 uon
829 1832 1061 1954 cannara.

130 2025 362 2090 Periculosum.
377 2035 425 2087 est
445 2027 576 2088 eredere
597 2036 628 2088 et
652 2047 715 2090 non
738 2028 881 2090 eredere.

90 2127 264 2212 Utriusque
286 2127 463 2209 exemplum
486 2126 627 2190 breviter
648 2149 803 2210 exponam
825 2133 886 2193 re'r'.

129 2231 328 2313 Hippolytus
350 2225 450 2309 obiit,
472 2229 544 2314 quia
567 2251 724 2294 novercae
746 2232 895 2296 creditum
919 2246 986 2298 est:

90 2333 287 2398 Cassandrae
309 2332 381 2418 quia
403 2354 466 2395 non
488 2331 655 2408 creditura,
680 2333 744 2397 ruit
764 2334 871 2398 Ilium.

90 2424 399 2520 Ergo'exploranda
421 2447 468 2500 est
490 2435 606 2498 veritas
628 2436 780 2514 multum,
803 2437 892 2521 prius
1060 2441 1079 2505 5

90 2541 191 2619 Quam
214 2539 307 2602 stulta
329 2559 428 2621 prave
450 2537 565 2600 iudicet
586 2537 751 2601 sententia.

91 2646 153 2706 Sed
173 2642 322 2705 fabulosa
344 2662 383 2704 ne
408 2651 561 2704 vetustate
583 2640 719 2716 elevem,

90 2733 237 2808 Nat-rahe
260 2743 318 2807 tibi
340 2744 491 2809 memoria
513 2745 598 2828 quod
620 2742 734 2806 factum
758 2755 805 2806 est
826 2765 907 2810 mea.

137 2969 198 3012 Fae.
219 2967 254 3010 X.
291 2963 337 3024 (2).
357 2989 388 2999 -
413 2978 504 3023 penum
528 2963 558 3008 N.
584 2963 626 3018 (-
645 2962 750 3028 breuiter
773 2965 920 3022 exemplatam
931 2980 1024 3024 penam
1042 2967 1081 3014 rat

90 3035 184 3094 Burm.)
220 3033 257 3090 (3)
285 3059 317 3070 -
343 3033 496 3093 Hyppola'tua
523 3033 552 3076 P.
573 3047 596 3088 p.
645 3031 731 3089 (thid.)
748 3031 819 3092 obita]
839 3033 869 3082 N.
887 3035 917 3079 Ρ.
934 3037 960 3080 S.
979 3061 1011 3070 -
1028 3035 1081 3084 obit

89 3107 116 3150 Ρ,
133 3108 163 3151 R.
200 3102 238 3162 (5)
257 3129 289 3140 ·-
308 3119 407 3162 semper
427 3104 503 3162 priua
525 3101 557 3146 N.
601 3097 638 3159 (6)
658 3127 690 3136 -
707 3103 780 3147 arulae
794 3117 875 3161 panau
890 3103 937 3159 N.‚
958 3111 983 3150 ut
997 3107 1079 3153 totns.

88 3183 124 3220 rat
139 3177 224 3222 Burrn.
263 3173 300 3234 (7)
311 3171 434 3233 sabulosa
452 3187 482 3233 ne
499 3178 619 3218 vetustate
637 3171 737 3230 elevem]
756 3174 795 3217 Sic
816 3187 840 3229 p.
857 3175 920 3218 coni.
940 3175 1010 3230 (8.1
1028 3189 1078 3222 nee.

90 3247 131 3300 m.)
149 3248 175 3290 S.
197 3269 230 3278 --
243 3237 371 3303 sabulosa¹
388 3257 418 3288 ne
441 3248 584 3287 vetustatem
604 3242 679 3284 lenem
709 3240 764 3300 (sie)
788 3242 817 3288 P.
836 3242 866 3286 N.
888 3266 916 3276 -
929 3241 1078 3302 sabulonem

89 3329 116 3360 ae
131 3321 276 3360 vetustatem
300 3327 403 3360 caterua
422 3313 452 3358 N.
471 3321 509 3358 eto
518 3303 665 3371 fistulosum
689 3325 719 3354 ns
740 3317 882 3356 vetustatem
899 3314 978 3360 aleres
998 3316 1077 3363 Bentl.

89 3383 123 3442 (8)
141 3411 175 3424 -ι-
194 3382 260 3444 quod
279 3383 401 3428 mernori'a
427 3382 455 3426 N.
502 3380 538 3437 (9)
557 3405 589 3414 -
607 3379 718 3424 Maritus
736 3387 832 3439 enatura
849 3395 872 3440 p.
892 3382 923 3430 N.
944 3397 973 3427 ex
988 3385 1081 3432 raa-sie:
1103 3425 1106 3434 ,

90 3451 127 3498 14.
147 3452 206 3512 (10)
224 3473 258 3486 -
271 3467 365 3512 puram
382 3457 540 3509 eoaapurnret
557 3450 587 3494 N.
625 3447 679 3505 (11)
698 3448 829 3510 Seductus]
848 3451 877 3496 N.
897 3465 921 3506 p.
941 3453 966 3496 S.
979 3477 1012 3488 -·
1029 3451 1080 3500 Sed

87 3530 150 3569 ratus
167 3525 197 3571 P.
217 3523 248 3566 R.
290 3521 373 3578 (thiu.)
399 3522 487 3566 liberte
506 3519 553 3579 eat]
578 3519 607 3564 N.
628 3520 706 3564 Bentl.
726 3521 751 3565 S.
771 3543 803 3557 -
824 3535 873 3564 orn.
895 3527 932 3566 eet
954 3523 983 3566 Ρ.
1002 3523 1032 3571 N.
1052 3536 1082 3579 p.

88 3591 138 3648 (12)
154 3592 211 3637 lter.
232 3590 318 3654 suffici
335 3589 373 3650 ae]
391 3592 445 3650 lug.
465 3591 539 3634 Salsu.
559 3592 584 3633 S.
605 3613 637 3623 -
655 3587 680 3632 h.
701 3587 827 3650 sufficiens
849 3591 878 3638 P.
899 3591 928 3640 R.
950 3597 1008 3643 leste
1027 3591 1079 3638 Gu-

86 3664 130 3706 (ἑο.
151 3661 189 3720 (Ιι.
210 3662 309 3726 auffira'a
321 3676 348 3707 ae
367 3661 396 3706 R.
417 3665 476 3705 teste
494 3659 636 3710 Vincentio,
656 3664 679 3703 el
695 3665 829 3706 correctum
849 3675 862 3704 a
881 3674 929 3708 sae.
944 3675 977 3704 m.
993 3659 1078 3724 eaffiea‘

85 3733 129 3786 aa.)
148 3757 181 3768 ·-
200 3729 226 3776 Ιι.
244 3731 309 3794 fieri
334 3745 361 3776 ae
380 3731 410 3775 N.
431 3754 463 3766 -
481 3728 505 3774 h.
523 3743 549 3774 ae
563 3725 662 3786 seea'sae
686 3743 710 3784 p.
758 3726 811 3785 (13)
835 3729 877 3789 qus'
893 3728 1023 3788 ququJR.
1042 3725 1075 3783 (ἲ)
1100 3777 1102 3784 ,

85 3801 198 3847 Nittersh.
219 3803 244 3846 S.
265 3826 298 3835 -
315 3801 357 3860 (αἱ
374 3800 433 3845 dum
456 3799 486 3843 P.
507 3813 530 3853 p.
550 3822 582 3832 -
601 3795 640 3842 late
660 3811 733 3856 quum
752 3799 781 3844 N.
808 3799 890 3844 Heius.
911 3823 942 3838 ..-
961 3799 1002 3842 cua'
1016 3796 1076 3840 dum

85 3871 200 3930 Bongars.
229 3867 293 3925 ’(16)
312 3895 344 3906 -·
362 3873 485 3914 amantem
504 3867 534 3913 N.
554 3864 609 3924 (20)
629 3891 660 3900 -
680 3867 730 3912 Suo
745 3867 809 3913 aedit
824 3867 912 3912 dehine
925 3867 955 3912 N.
975 3865 1027 3922 (21)
1042 3889 1075 3900 --
1117 3871 1120 3883 ’

85 3941 136 3986 cub.
156 3941 252 4000 e'nJela'x
267 3945 356 3999 perena
374 3940 404 3985 N.
448 3936 503 3993 (22)
521 3961 553 3971 -
571 3943 655 3981 aarum
673 3945 752 3984 muter
775 3937 805 3982 N.
842 3935 897 3993 (24)
915 3933 1075 3996 coneursum]

86 4008 113 4054 Ρ,
135 4012 168 4058 R.
202 4025 217 4056 a
243 4024 283 4068 pr.
312 4023 346 4056 m.
373 4023 397 4066 p.
429 4011 454 4056 S.
480 4031 512 4042 ·-
537 4013 669 4052 teneurunt
692 4008 721 4054 R.
748 4022 762 4052 a
786 4021 836 4054 aar.
855 4019 888 4052 m.
907 4005 937 4050 N.
956 4005 1074 4064 Burgus.
