2776 4718
333 371 394 434 218

223 549 225 560 ι
331 511 426 586 licet,
462 512 487 572 si
509 521 609 572 tamen
635 509 666 572 iu
688 507 822 591 imagine
844 517 907 569 tam
929 519 1101 590 pervagata
1126 519 1220 590 atque
1249 505 1317 569 haec

331 627 399 676 cst:
423 613 518 675 torui
535 613 598 677 sub
619 612 754 674 hirsuta
771 614 862 672 lotus
880 611 1075 690 emptionem
1094 609 1231 691 geniata
1244 621 1270 671 et
1287 610 1316 671 in

330 717 437 780 verbis
460 735 520 777 nec
542 737 594 776 me
615 716 770 780 Phoebus
790 713 930 795 respicit
952 714 1015 774 uita
1039 733 1175 796 unqsram
1195 713 1315 776 imitatio

330 821 435 883 locum
460 819 580 881 habuit.

392 922 489 1002 Quod
518 921 578 983 iam
593 923 645 983 ‘ad
668 921 809 983 criticam
833 920 988 1001 poematis
1017 918 1146 1010 huiusce
1173 919 1313 984 rationem

329 1021 453 1100 attinet,
478 1024 524 1086 illi
542 1023 633 1088 etiam
654 1021 831 1110 philologi,
857 1023 911 1105 qui
929 1023 1089 1086 fautorum
1104 1022 1213 1104 potius
1232 1045 1314 1107 quam

326 1130 593 1210 reprehensorum
616 1123 758 1208 partibus
781 1125 957 1208 susceptis,
988 1125 1019 1188 in
1042 1147 1081 1189 eo
1104 1127 1313 1200 elaborarunt5

326 1241 362 1294 ut
390 1230 422 1293 in
450 1231 608 1314 integrum
640 1230 842 1292 restituerent
874 1229 1063 1311 opusculum
1097 1249 1314 1310 saepenumero

288 1413 290 1421 Α
327 1345 532 1414 corruptum,
558 1353 592 1395 ea
612 1333 646 1394 in
665 1353 701 1394 re
721 1333 854 1395 maxime
873 1353 1023 1413 peccasse
1043 1331 1215 1407 videntur,
1239 1333 1315 1414 quod

326 1439 365 1498 ad
387 1436 562 1518 perfectam
586 1434 751 1498 meliorum
771 1447 905 1498 aetatum
924 1433 1091 1498 formulam
1114 1433 1145 1496 id
1166 1433 1313 1508 exacturi.

325 1539 528 1604 coniecturae
543 1537 686 1600 licentius
704 1539 913 1604 indulserunt.
958 1535 1109 1602 Certatim
1125 1557 1208 1621 ergo
1226 1554 1314 1621 usque
1357 1606 1360 1615 .

325 1644 363 1704 ad
379 1643 565 1722 hodierhum
581 1643 661 1707 diem
674 1643 848 1706 cumulatae
861 1652 930 1704 stant
941 1641 1196 1716 emendationes,
1221 1641 1313 1722 suspid

325 1745 451 1823 ciones,
489 1746 712 1809 traiectiones:
750 1745 846 1829 idque
875 1744 974 1806 minus
999 1743 1092 1806 etiam
1127 1743 1239 1806 mirum
1270 1747 1314 1805 vet

323 1847 415 1924 ideo,
447 1851 534 1933 quod
557 1871 597 1911 ex
619 1848 698 1931 ipsis
720 1848 822 1930 Lipsii
845 1857 940 1930 atque
963 1845 1107 1910 Salmasii
1129 1845 1216 1910 curis
1238 1847 1313 1909 harad

324 1951 400 2013 satis
423 1965 509 2014 certe
535 1951 611 2014 sciri
631 1963 782 2034 poterat,
808 1951 882 2034 quid
901 1952 1023 2012 tandem
1045 1949 1195 2030 scriptum
1215 1959 1313 2013 exstet

322 2052 353 2115 in
378 2051 634 2118 Codicibusillis
654 2055 798 2127 duobus,
837 2052 892 2136 qui
917 2063 1048 2115 aetatem
1073 2050 1236 2129 tulerunt,
1260 2051 1312 2114 sci·

321 2154 396 2217 licet
418 2155 630 2229 salmasium,
655 2177 737 2216 nunc
752 2153 875 2240 Regio,
900 2155 987 2219 nullo
1003 2149 1135 2219 numero
1153 2155 1310 2239 insignito,
1366 2227 1367 2242 χ

322 2255 428 2320 Seeuu
461 2258 544 2320 vn.
584 2257 634 2320 vei
664 2258 765 2320 vlu.
794 2258 931 2320 inmun
964 2271 995 2322 u
1032 2255 1213 2323 pithoeano
1250 2260 1310 2321 sue
1366 2243 1367 2337 t

322 2361 478 2423 Thuaneo
505 2381 586 2423 nunc
603 2359 707 2422 itidem
725 2363 830 2445 Regio
846 2363 890 2424 N.
902 2361 997 2424 8071.
1034 2361 1107 2424 Sec.
1125 2361 1191 2424 IX.
1207 2363 1258 2425 vel
1269 2363 1309 2424 X.

319 2461 510 2543 ine'untis*).
538 2463 713 2528 “Intererat
735 2463 835 2549 igitur
861 2464 1022 2526 literarum
1046 2457 1253 2540 Latinar'um,
1282 2476 1310 2526 ut
1365 2521 1366 2534 ,

251 2623 252 2630 ,
319 2569 445 2628 tandem
463 2565 629 2650 utriusque
654 2565 749 2632 lectio
773 2567 949 2630 accuratius
974 2587 1066 2649 quiam
1086 2586 1222 2650 unquam
1246 2579 1309 2630 ante
1365 2551 1366 2631 i

318 2669 435 2732 factum
450 2681 499 2733 est
512 2681 771 2752 proponeretur3
796 2672 883 2755 qriod
905 2681 938 2732 ut
959 2669 1030 2732 fieri
1050 2682 1159 2750 posset
1182 2673 1308 2732 duorum

318 2772 491 2838 amicorum
521 2771 648 2854 prolixa
677 2772 782 2835 effecit
808 2773 999 2856 benignitas.
1045 2772 1206 2835 Videlicet
1231 2774 1308 2836 Sihi-

318 2875 388 2959 gius
414 2875 503 2938 misit
531 2875 605 2936 mihi
632 2871 853 2960 apographum
891 2875 976 2940 eod.
1013 2875 1184 2940 Pithoeaui
1215 2877 1307 2940 cotta-
1364 2851 1365 2925 i

316 2987 382 3040 tum
406 2998 475 3040 cum
504 2977 719 3053 Salmasiano‚
759 2977 948 3042 Hauthalius
974 2979 1203 3062 apographum
1222 2979 1307 3042 huius

316 3080 464 3143 collatum
483 3101 552 3142 cum
571 3079 647 3155 iuna
671 3082 750 3142 adeo
773 3094 823 3157 ut,
846 3081 1039 3162 paucissimis
1061 3081 1162 3165 iisque
1181 3083 1305 3146 levioris
1363 3093 1364 3144 t

315 3181 466 3246 momenti
488 3183 647 3264 exceptis,
685 3203 746 3264 pro
776 3195 866 3246 certo
896 3205 978 3248 nunc
1003 3186 1126 3248 demtum
1152 3187 1302 3261 sciamus,

315 3283 392 3368 q'uid
412 3284 442 3346 in
466 3285 600 3368 singulis
623 3296 755 3369 uterque
778 3287 937 3350 exhibeat.
981 3287 1049 3351 lam
1071 3309 1151 3352 vero
1173 3302 1209 3352 ut
1233 3289 1303 3352 anti-
1362 3327 1363 3378 p

315 3386 426 3471 quior,
464 3387 510 3448 sic
542 3387 633 3449 ctiam
661 3389 748 3471 quod
771 3391 810 3451 ad
838 3389 1007 3454 lectionem
1042 3389 1144 3471 ipsam
1175 3392 1302 3474 pertinet
1362 3381 1363 3390 ¹

206 3499 209 3504 '
312 3490 409 3574 longe
423 3489 635 3570 praestantior
653 3501 701 3551 est
716 3492 947 3568 Salmasiauus3
970 3493 1012 3556 ita
1033 3505 1159 3570 tamen„
1180 3505 1214 3556 ut
1230 3516 1301 3558 non·

224 3622 227 3636 ν
312 3593 397 3656 nuda
420 3591 598 3658 necessario
625 3595 844 3660 ePithocano
868 3595 993 3678 corrigi.
1010 3598 1157 3660 debeant.
1205 3599 1300 3660 Tanta
1361 3621 1362 3688 p

312 3695 360 3758 est
384 3709 486 3799 autem
512 3697 593 3760 inter
620 3711 787 3783 utrumque
818 3699 1043 3780 discrepantia,
1079 3711 1114 3774 ut
1140 3699 1299 3762 manifesto

312 3819 353 3861 ex
371 3799 502 3862 diversis
527 3798 758 3880 exemplaribus
782 3802 843 3864 sint
866 3803 1028 3884 descripti.
1087 3805 1153 3866 Iam
1180 3801 1297 3865 tortium

360 3942 383 3999 ¹³)
402 3947 505 3993 Consule
524 3949 552 3990 de
572 3952 672 4005 utoquc
691 3962 733 4000 ea,
754 3962 812 4005 quac
832 3950 938 4010 Sittigius
958 3953 990 4003 V
1010 3951 1039 3996 C.
1059 3952 1211 4010 disputavit
1205 3949 1294 3996 tarsu

310 4011 465 4061 ramberto
483 4013 564 4094 Boud.
584 4017 652 4063 vtu.
672 4031 696 4076 p.
717 4015 776 4064 tot.
946 4021 950 4032 ’
1037 4033 1041 4044 ¹
1360 4005 1361 4097 i
