2776 4718
302 359 365 422 tto

304 497 552 582 Mercuriusque
574 495 677 570 celer,
700 513 804 578 regno
825 491 970 576 caelique
991 491 1148 554 verendus

305 601 451 684 Iuppiter
470 612 503 663 et
523 597 605 662 tristi
627 599 783 661 Saturnus
803 596 920 660 iumine
939 597 1061 658 tardus.
1287 593 1308 658 5

306 704 462 768 Omnibus
483 699 531 764 his
553 699 673 786 gemini
692 712 812 774 motus;
835 719 972 783 quiorum
995 699 1076 761 alter
1098 698 1138 758 ab
1158 693 1243 779 ipsis

305 805 456 869 Nascitur
477 817 509 866 et
529 804 684 886 proprios
705 802 842 868 ostendit
863 801 967 864 sidere
989 800 1092 876 nisus,

304 910 412 988 (Tunc
433 909 578 969 mundum
601 909 735 968 subeunt
757 906 842 966 lento
865 905 982 986 pedez)
1004 901 1148 966 concitus
1170 902 1256 969 atrer

304 1010 429 1072 Invitos
451 1009 535 1090 rapit
556 1020 589 1070 et
610 1009 689 1070 caeli
711 1008 915 1069 circuiurctat
937 1008 1061 1070 orbem.

304 1114 419 1176 Annua
442 1113 499 1175 Sol
521 1111 639 1174 medius
662 1109 804 1193 designat
826 1121 991 1190 tempora,
1015 1109 1148 1172 Phoebe
1179 1193 1181 1198 ,
1243 1109 1307 1174 ’10

306 1216 493 1288 Menstrua;
516 1235 651 1298 namque
671 1233 755 1275 anno
778 1213 884 1275 Solem
903 1231 1046 1273 remeare
1069 1209 1212 1284 videbis,

304 1316 452 1380 Moverit
471 1317 553 1380 unde
576 1338 652 1379 sitos
673 1337 786 1378 currus
809 1335 868 1396 per
890 1315 979 1396 signa
1002 1314 1159 1376 volantes.

305 1420 381 1482 Hoc
401 1419 527 1502 peragit
549 1419 682 1500 spatium
705 1417 855 1479 breviore
878 1415 1007 1480 citatior
1028 1417 1113 1512 orbe

304 1522 451 1586 Mensem
473 1521 649 1602 expleturis
669 1521 804 1584 Phoebe
825 1531 974 1582 contenta
996 1518 1120 1581 diebus.

304 1624 440 1688 Annuus
462 1635 509 1688 est
531 1622 653 1688 Veneri
675 1643 803 1698 cursus,
828 1645 930 1707 neque
952 1621 1074 1684 tardior
1095 1621 1148 1684 illa
1262 1623 1303 1686 15

304 1725 505 1791 Mercuriusa
528 1727 621 1790 binus
643 1725 803 1791 Gradivus
824 1725 948 1807 perficit
964 1726 1078 1788 nrbes.

306 1825 1143 1882 recurrerentur

767 2079 834 2146 IV.

367 2254 549 2322 Priscianus
577 2257 609 2321 in
640 2255 725 2320 libro
756 2255 801 2320 de
825 2257 1013 2341 ponderib..
1035 2269 1069 2322 ct
1090 2277 1243 2322 mensur.
1267 2281 1304 2344 p.

303 2357 379 2426 859.
413 2359 545 2427 Putsch.
573 2357 690 2425 Krehl.
743 2359 826 2426 Vol.
852 2360 884 2423 2.
917 2384 952 2444 p.
986 2361 1080 2426 4⁰2:
1112 2359 1234 2426 Caesar
1271 2367 1308 2426 in

304 2461 429 2529 Arato:

597 2600 638 2610 -
661 2563 730 2630 Cur
751 2565 847 2630 divite
868 2566 975 2652 lingua

303 2667 473 2742 †Graecia
493 2689 697 2752 praecurram
719 2667 943 2752 potiusquam
964 2669 1121 2756 triangula
1142 2669 1270 2735 dicam?

305 2869 344 2929 (5)
362 2892 393 2906 -
410 2876 434 2916 et
451 2871 542 2916 tistiter
560 2841 617 2926 (sic)
635 2869 760 2915 Saturnus
778 2869 809 2916 Ε.
851 2868 891 2930 (8)
909 2871 1020 2932 -pede
1038 2874 1103 2918 ulter
1120 2887 1169 2918 ona.
1187 2875 1304 2920 concitus

304 2940 335 2986 Ε,
356 2938 415 2998 (non
435 2941 478 2989 B.)
513 2941 548 2996 (9)
571 2940 743 3000 circumrorat]
762 2940 816 3000 gab.
835 2961 869 2974 --
886 2942 1152 2990 circumactorum.
1168 2938 1251 3006 Ι(10)
1268 2969 1311 2990 -2

304 3015 413 3066 tempore
430 3011 459 3054 Β.
480 3007 537 3067 (unu
553 3009 595 3064 Ε.)
615 3030 644 3046 -·
661 3009 769 3054 Phoebes
787 3010 860 3054 ΒΕΘ..
903 3010 958 3068 (11)
975 3027 1081 3073 numque
1099 3011 1173 3072 cuno]
1192 3015 1246 3073 gsh.
1268 3037 1301 3048 -

304 3093 364 3143 num
381 3093 430 3137 que
447 3079 596 3124 uuuoBEG.
633 3073 694 3140 (12)
713 3090 745 3144 :J
765 3081 873 3125 uolantia
886 3081 935 3126 BE.
971 3077 1031 3144 (ts)
1048 3085 1158 3142 epatium
1175 3081 1309 3142 breviarell

305 3149 359 3206 μὴ.
379 3172 412 3184 -
430 3149 512 3204 eputic
535 3149 631 3194 brevior
648 3149 722 3194 ΒΕΘ.
771 3151 797 3194 ln
824 3151 854 3194 B.
872 3155 1049 3211 superscr.,q¹‚
1078 3159 1104 3198 nt
1121 3155 1167 3210 εἰη
1191 3153 1302 3196 breuior·-

306 3232 361 3278 que.
410 3215 464 3274 (14)
481 3217 604 3276 contenta]
622 3218 676 3278 gsb.
697 3239 727 3266 ,-·
746 3225 867 3263 contemta
883 3221 914 3270 Ε.
943 3245 975 3256 -
1000 3229 1138 3282 contempta
1155 3223 1208 3268 BG.
1244 3222 1302 3278 (15)

304 3306 340 3321 -
355 3286 443 3332 Annua
459 3287 488 3334 B.
525 3285 582 3346 (16)
601 3313 633 3322 -
652 3285 764 3333 Gradiue
782 3289 813 3333 Ε.
826 3299 866 3342 (τ..-
886 3290 955 3334 ordia
973 3291 1003 3340 E.
1067 3314 1069 3334 t

354 3376 402 3426 lv.
418 3375 512 3420 Addidit
535 3377 580 3422 hnc
602 3377 759 3436 fragmentum
776 3377 946 3432 schwartzius.
991 3376 1027 3435 (2)
1045 3381 1084 3426 Sic
1109 3381 1170 3426 Ccd.
1189 3379 1301 3425 liinsied-

305 3445 378 3490 Iensis
401 3445 518 3490 Prisciani
545 3451 568 3490 et
603 3447 684 3505 Edd.;
725 3447 749 3490 id
776 3447 838 3504 qnod
866 3449 966 3507 intelligi
999 3451 1089 3506 nequit.
1140 3451 1303 3496 schwartzius

304 3515 412 3560 volebat:
538 3515 539 3518 ’

374 3583 474 3630 Graeca
490 3583 647 3655 τρὶςγωνον
663 3585 720 3644 (sic)
733 3590 820 3648 putiau
837 3599 912 3650 quam
927 3588 1060 3650 triangula
1076 3587 1178 3633 diram?

306 3657 354 3700 sed
370 3656 463 3702 videtur
480 3655 524 3699 tiae
541 3656 650 3711 requiri:

567 3722 631 3768 'Gur
647 3723 722 3771 divite
738 3729 830 3790 lingua

374 3793 485 3841 Graecia
498 3793 668 3851 praecurrat?
682 3798 781 3854 potius,
801 3812 875 3857 quem
892 3799 1037 3858 triangula,
1056 3795 1139 3844 dicans

373 3865 455 3926 Signa
471 3863 590 3923 trigone?
625 3887 658 3898 ·-
693 3889 726 3901 -·
763 3887 788 3900 -
832 3889 861 3900 -

281 3927 365 3980 ivre.
396 3936 527 3995 triangula
549 3933 626 3978 tribua
649 3935 747 3988 syllabis
775 3943 899 3994 constaret
917 3939 990 3992 fecit,
1025 3943 1142 3994 uteunque
1168 3939 1307 3984 scribetur.

305 4004 356 4056 iem
378 4005 422 4048 cir.
437 4005 572 4050 ntuentium
596 4002 629 4060 2,
660 4002 720 4063 2762
755 4003 788 4050 Ε(
804 4019 970 4066 quatecunque.
971 4003 1054 4066 serit,
1084 4007 1203 4052 dicuntur
1220 4011 1320 4071 aigne,
