2752 4718
331 371 374 436 et

332 511 406 612 Sive
427 513 491 578 hoc
510 511 649 594 ineptum
671 509 738 578 sire
760 511 946 576 Incidendum
970 521 1018 575 est
1039 531 1138 594 opus,
1187 501 1189 510 ¹

333 613 459 678 Invenit
477 615 549 692 ille,
572 625 681 694 nostra
703 613 837 698 perfecit
861 635 982 678 monus.

333 717 397 784 Sed
417 737 627 802 exsequamur
649 729 795 802 coeptum
815 715 977 802 propositi
1001 713 1155 782 ordinem.

716 1000 814 1062 [ssu.
838 1000 942 1062 xxm]

659 1161 721 1226 DE
745 1159 991 1226 SIMONIDE.

373 1329 481 1394 Homo
505 1333 615 1394 doctus
638 1330 670 1392 in
692 1349 726 1391 se
747 1341 873 1410 semper
894 1327 1018 1392 divitias
1039 1327 1144 1391 bsbet.

331 1433 525 1510 Simonides,
550 1432 605 1516 qui
625 1430 753 1514 scripsit
773 1429 938 1518 egregium
960 1431 1075 1511 melos,

331 1535 405 1615 Quo
427 1547 643 1619 paupertatem
665 1535 832 1598 sustineret
851 1533 993 1610 facilius,

331 1635 477 1702 Circuire
498 1639 605 1722 coepit
626 1639 722 1700 urbes
744 1637 842 1702 Asiae
863 1637 1006 1712 nobiles,
1173 1717 1176 1724 Ι

329 1739 484 1802 Mercede
506 1751 637 1822 accepta
658 1740 781 1814 laudem
804 1740 960 1820 victorum
982 1759 1109 1802 canens.
1301 1740 1316 1801 5

328 1842 404 1905 Hoc
426 1863 541 1926 genere
564 1853 712 1926 quaestus
735 1853 902 1925 postquam
924 1842 1066 1923 locuples
1087 1841 1191 1906 factus
1214 1855 1279 1919 cst,

331 1943 454 2007 Redire
475 1943 506 2006 in
528 1941 661 2026 patriam
678 1921 903 2006 -voluit'cursn
923 1943 1077 2029 pelagi03¹

328 2045 424 2126 [Erat
446 2055 550 2108 autem
571 2056 680 2122 natus,
705 2055 740 2106 ut
762 2043 863 2122 aiunt,
885 2045 917 2110 in
940 2044 1007 2111 Cea
1028 2045 1129 2110 insula
1143 2047 1169 2129 t]

327 2141 483 2210 Ascendit
503 2168 635 2224 navem,
660 2168 750 2230 quam
772 2158 940 2230 tempestas
962 2147 1110 2226 horrida,

233 2301 235 2306 ,
330 2246 430 2310 Simul
451 2259 482 2312 et
503 2261 642 2313 vetustas
665 2249 767 2314 medio
790 2249 935 2314 dissolvit
957 2251 1048 2316 mari.
1282 2255 1316 2316 10

327 2349 372 2413 Hi
394 2371 510 2429 zonas,
533 2351 651 2418 illices
673 2352 830 2440 pretiosas
853 2353 1025 2438 colligunt,

328 2452 506 2542 Subsidium
528 2453 625 2520 vitae.
668 2455 803 2536 Quidam
824 2455 1000 2520 curiosior:

331 2554 513 2633 Simonide,
536 2567 572 2620 tu
593 2577 635 2620 ex
656 2557 770 2640 opibus
790 2557 834 2620 nil
855 2557 949 2622 sumis
970 2557 1059 2622 tuis?

328 2657 479 2736 Mecum,
502 2658 623 2744 inquit,
648 2681 716 2724 mes
730 2672 804 2724 sunt
818 2672 941 2724 cuncta.
966 2663 1058 2726 Tunc
1071 2663 1165 2746 pauci
1179 2675 1314 2742 enatant,

325 2905 378 2950 Pro
393 2906 468 2950 tribus
486 2907 524 2952 bis
542 2921 579 2954 vv.
596 2909 654 2955 brec
669 2909 766 2955 exhibet
784 2907 831 2958 N.:
859 2905 914 2954 Heu
931 2903 1038 2969 quantus
1057 2918 1095 2960 est
1111 2926 1209 2972 semper
1227 2921 1315 2960 morto-

324 2974 387 3020 lium
406 2975 485 3019 licor!
508 2977 571 3022 Sunt
590 2981 633 3038 qoi
650 2977 769 3038 quidquid
782 2985 872 3036 potant
890 2979 1001 3040 digitum,
1016 2983 1152 3038 memorio,
1171 2983 1266 3042 Aesopi
1282 2984 1315 3027 di·

327 3049 386 3088 cunt
403 3039 474 3106 (sic).
511 3040 557 3108 (5)
575 3071 608 3081 —
626 3047 775 3092 contendunt
794 3047 824 3093 Ν.
861 3042 907 3109 (6)
925 3072 958 3083 -
976 3049 1042 3111 Quos
1061 3051 1091 3097 N.
1128 3053 1174 3098 Sed
1186 3055 1255 3109 prius
1270 3057 1315 3110 ipse

304 3153 307 3161 ,
325 3114 454 3167 scripserat
467 3127 538 3172 quem
548 3147 556 3170 ,
586 3117 944 3174 manifestuminterpolationis
964 3121 1086 3166 indicium.
1122 3116 1169 3186 (9)
1181 3120 1315 3184 propositi]

324 3193 349 3236 p.
369 3182 395 3228 S.
414 3205 447 3216 -
460 3185 617 3240 propositum
638 3186 668 3230 P.
687 3185 717 3230 it.
736 3186 757 3230 Δ
775 3185 805 3232 Ν.
826 3185 892 3232 abest
910 3189 947 3233 bic
965 3191 1108 3236 versiculus.

375 3250 435 3296 Fas.
454 3251 539 3298 xxu.
572 3248 622 3316 (1)
647 3277 680 3288 -·
705 3269 753 3303 om.
779 3269 803 3302 v.
830 3256 854 3305 1.
878 3256 908 3302 N.
935 3251 992 3320 (4)
1016 3255 1140 3318 Circuit-e]
1164 3261 1189 3306 S.
1210 3283 1245 3296 ·-
1264 3264 1310 3307 cir·

323 3319 418 3364 comite
436 3321 466 3365 P.
486 3322 516 3367 Ρ..
537 3321 568 3368 Ν.
587 3337 612 3379 p.
657 3325 718 3370 Sans
737 3325 761 3369 in
786 3331 884 3384 utraque
907 3327 1024 3384 scriptura
1044 3343 1097 3374 voc.
1122 3343 1194 3388 aeque
1212 3333 1260 3378 erit
1275 3332 1315 3377 tri-

324 3388 456 3445 syltssburn.x
486 3391 571 3454 litun,
602 3393 631 3437 ne
649 3395 702 3452 quis
718 3394 843 3451 haereret,
862 3399 972 3451 praetuli.
1020 3392 1066 3460 (⁶)
1077 3395 1177 3460 suctos]
1195 3399 1226 3446 N.
1246 3415 1272 3458 p.
1291 3401 1314 3446 S.

324 3479 357 3491 ·—
367 3454 468 3516 socium
486 3461 515 3505 P.
538 3462 569 3506 tt.
605 3457 652 3524 (7)
668 3462 769 3523 Redire]
793 3463 823 3513 N.
842 3463 940 3510 firmans
959 3468 1032 3512 ‘tottii
1052 3470 1116 3515 coni.
1136 3471 1161 3518 S.
1183 3489 1213 3502 ·-·
1233 3472 1315 3516 venire

322 3526 352 3572 Ρ.
371 3527 401 3576 R.
423 3541 447 3583 p.
464 3530 526 3574 Zeti.
545 3525 594 3592 (·-
612 3545 661 3577 om.
681 3535 757 3578 soluit
773 3535 880 3594 Bsrger,
900 3535 979 3582 tacite.
1016 3539 1117 3583 Videtur
1136 3553 1185 3599 err.
1204 3534 1316 3600 typogr.)

322 3591 416 3658 (ibid.)
428 3597 543 3660 pelagio]
561 3602 682 3660 Bongars.
706 3604 731 3647 S.
762 3627 795 3638 —
820 3604 911 3664 pelagi
927 3606 957 3650 P.
976 3607 1005 3654 tt.
1031 3621 1055 3663 p.
1074 3602 1158 3668 (EN.
1181 3611 1318 3655 exciderunt

322 3679 361 3710 vs.
380 3678 456 3712 cursu
471 3663 539 3730 pel.)
578 3665 624 3731 (8)
644 3683 675 3716 =
697 3679 722 3716 ut
739 3673 822 3727 aiunt,
851 3680 924 3718 notos
943 3676 1061 3734 Bongars.
1081 3677 1198 3737 Coniugii.
1219 3679 1314 3736 Bipont.

321 3730 414 3800 (thia.)
431 3734 489 3798 Ceo]
508 3737 668 3786 Gud.'Burm.
688 3743 713 3787 S.
730 3765 763 3776 -—
782 3739 842 3788 cesa
857 3741 887 3788 ti.
908 3765 937 3776 -
958 3743 1034 3796 Scbio
1051 3747 1080 3790 P.
1103 3753 1161 3792 teste
1175 3749 1249 3807 Berg.
1270 3745 1314 3810 (-

320 3803 403 3850 Sitiu'a
427 3807 456 3851 P.
482 3809 580 3854 testibus
607 3811 707 3856 Pithoeo
734 3818 758 3857 et
788 3807 923 3875 Bongsrs.)
945 3835 979 3848 ·-
1004 3812 1066 3860 Coeo
1086 3809 1151 3879 (sic)
1175 3831 1198 3872 p.
1218 3841 1253 3852 --
1271 3815 1315 3862 Ceo
1349 3861 1351 3870 ,

320 3875 409 3936 tttgut.
447 3877 534 3922 Totum
556 3881 714 3936 versiculum,
734 3882 798 3926 milri¹
823 3889 973 3938 suspectum,
999 3899 1046 3930 om.
1066 3885 1097 3930 N.
1145 3885 1273 3943 Estfene,
1294 3893 1341 3931 ot.

321 3957 393 4000 supro
409 3945 463 3992 Lib.
486 3944 513 3993 3.
532 3949 633 4011 Protog.
653 3963 677 3995 t.
701 3946 742 3996 52.
783 3949 912 4014 Phrygem
922 3951 1010 4014 fuisse
1033 3953 1165 4014 Aesopum.
1201 3951 1266 4018 (10)
1284 3978 1315 3992 -α

321 4012 403 4065 Sisnul
428 4022 536 4064 reinerus
553 4019 593 4066 -Ν,
640 4014 704 4082 (ii)
724 4041 753 4054 -
772 4019 817 4068 ffln'
833 4023 863 4068 Ρ.
883 4023 913 4068 ii.
950 4025 1006 4071 tnds
1031 4025 1061 4070 ab
1085 4026 1129 4071 boc
1145 4039 1169 4072 t.
1193 4029 1223 4072 od
1242 4025 1317 4074 finem.
