2816 4716
1124 282 1128 298 '
1219 283 1231 312 N

316 324 336 386 6

323 513 327 522 .
380 461 473 530 Ordo
509 455 666 540 epitomes
693 455 877 539 ,ipsissimus
906 468 969 531 est,
1002 455 1058 541 qni
1092 454 1309 539 Neapolitani

316 563 439 631 codicis
460 583 479 626 a
499 561 553 628 Cl.
577 556 733 624 lancellio
750 557 804 640 (in
825 558 939 642 priore
960 557 1099 624 editione
1118 557 1250 623 dissert.
1263 560 1307 650 ΙΙ.

314 691 349 751 p.
373 689 453 730 vrri.
475 665 584 750 seqq.)
613 673 780 738 narratur3
817 661 953 743 epistola
985 661 1134 726 nimirum
1171 659 1310 726 Pet-otti

313 769 464 854 prosaica
478 771 519 832 ad
534 769 689 834 Mannum
705 763 962 843 Viterbiensem3
984 764 1081 828 index
1104 762 1285 826 carminum
1298 787 1307 834 ;

313 871 475 957 prologus
495 867 624 938 Perotti
643 867 793 951 politicus
813 869 854 930 ad
869 869 1032 948 Pyrrhum
1050 865 1161 930 fratris
1179 864 1308 938 filium

314 975 441 1040 fabrdae
472 971 616 1039 Phaedri
647 983 679 1035 et
704 969 840 1047 Avieni,
873 969 999 1036 fabulae
1015 989 1154 1046 novae,
1187 989 1308 1032 versus

314 1077 411 1140 etiam
432 1075 534 1160 ipsius
554 1073 699 1150 Perotti;
721 1072 836 1152 ⁴omnia
854 1077 933 1136 haec
953 1071 1132 1136 alternatim
1152 1070 1306 1156 miroque

312 1177 412 1258 ¹cinno
435 1178 519 1244 inter
545 1201 579 1242 se
608 1175 780 1260 permixta.
823 1174 971 1260 Denique
999 1186 1032 1240 et
1054 1175 1111 1242 illa
1133 1173 1304 1238 adnotatio

314 1285 403 1348 adest
421 1285 460 1346 de
477 1279 589 1364 prisco
611 1283 750 1366 quodam
773 1279 924 1354 oraculo,
952 1300 1047 1363 quam
1070 1276 1253 1344 Iannellius·
1271 1276 1307 1342 in

314 1387 347 1452 N
349 1405 421 1468 cap.
431 1382 559 1454 ¹'codicis
568 1381 713 1468 margine
727 1379 880 1464 scriptam
899 1380 1021 1465 reperit
1036 1383 1129 1466 atque
1141 1378 1307 1464 vulgavit.

315 1488 427 1554 Porro
447 1485 567 1568 etipse
590 1482 924 1556 Vaticani-Urbinatis
941 1482 1071 1556 ,codicis
1089 1493 1196 1548 textus
1217 1485 1306 1548 adeo

313 1589 503 1675 plerumque
536 1611 608 1652 cum
644 1587 862 1670 Neapolitano
900 1584 1081 1668 conspirat,
1114 1596 1149 1648 ut
1169 1607 1211 1650 ex
1233 1608 1306 1658 uno

314 1687 1309 1778 eodemqueexemplarinranasseutrumquecodioemnecesse

314 1793 369 1860 sit.
412 1796 527 1882 Neque
548 1793 631 1859 eninr
646 1816 743 1879 quum
761 1792 957 1858 Perottinus
972 1789 1090 1862 dicitur
1107 1789 1163 1854 illc
1178 1793 1307 1868 codex,

279 1981 281 1988 y
315 1894 372 1982 qui
390 1895 532 1980 Neapoli
553 1907 617 1974 est,
650 1895 775 1968 idcirco
798 1894 827 1960 is
845 1893 974 1960 Perotti
995 1895 1229 1980 autographum
1252 1895 1308 1958 vel

315 1997 427 2062 saltem
448 1999 557 2084 κτῆμα
586 2001 761 2068 credendus
786 2008 851 2073 est3
889 2019 999 2062 verum
1020 1997 1075 2062 ille
1092 2009 1221 2062 eatenus
1238 2001 1307 2062 Pe-

316 2099 468 2164 rottinus
480 2099 585 2177 audit,
609 2111 763 2189 quatenus
777 2101 874 2170 habet
886 2099 1016 2172 Perotti
1029 2099 1307 2178 lucubrationem

316 2203 528 2287 quamobrem
556 2200 629 2284 pari
656 2199 726 2265 iure
757 2203 925 2270 Perottini
954 2225 1037 2268 nnnc
1062 2201 1207 2268 dicentur
1235 2214 1307 2266 tum

316 2301 549 2385 Neapolitanus
562 2287 747 2371 chartaceus
758 2316 789 2368 et
800 2303 1032 2384 vitiatissim-us,
1051 2317 1117 2370 tum
1124 2305 1307 2383 Vaticanus

316 2407 535 2470 membraneus
564 2418 658 2494 atque
680 2407 924 2494 integerrimus:
962 2413 1000 2472 de
1030 2409 1120 2478 cuius
1148 2420 1250 2472 aetate
1277 2409 1307 2472 si

316 2507 388 2594 quis
420 2531 471 2574 me
500 2499 614 2596 roget,
648 2533 713 2596 ego
742 2511 908 2594 scriptum
927 2509 1034 2576 iudico
1065 2512 1117 2586 vel
1143 2511 1308 2577 desinente

315 2611 425 2678 seculo
448 2614 531 2678 XV.
553 2615 606 2679 vel
631 2613 725 2681 initio
748 2613 980 2699 subsequentis.
1024 2617 1108 2702 Nam
1129 2619 1219 2711 quod
1240 2617 1306 2679 Fe·

316 2713 447 2780 dericus
461 2716 644 2800 Veteranns
658 2715 797 2785 Urbinas
817 2717 1084 2783 bibliothecarius
1106 2740 1190 2790 anno
1205 2719 1305 2784 1517.

207 2888 210 2894 ,
314 2815 350 2882 iu
364 2818 452 2884 calce
464 2818 587 2883 codicis
599 2818 795 2903 epigramma
811 2823 849 2884 de
862 2832 964 2892 morte
977 2820 1098 2894 domini
1112 2821 1161 2884 sui
1171 2821 1304 2898 scribit,

313 2919 349 2984 id
368 2941 462 2984 manu
480 2942 616 3004 prorsus
634 2921 760 2992 diversa
780 2933 812 2996 et
829 2922 989 3006 paululum
1008 2923 1102 2997 etiam
1122 2923 1305 2997 recentiore

310 3035 480 3086 exaratum
502 3045 569 3086 csse
590 3035 690 3107 patet.

379 3127 476 3189 Nunc
499 3148 575 3191 eece
597 3127 760 3210 propositi
781 3129 842 3202 mei
863 3152 1027 3198 summam.
1072 3129 1208 3201 Codicis
1233 3129 1304 3202 Va-

314 3225 595 3296 ticani-Urbinatis
618 3253 684 3304 eam
708 3243 830 3312 partem
852 3236 931 3308 edo,
954 3255 1034 3318 quae
1055 3256 1167 3313 novas,
1179 3231 1305 3298 fabulas

314 3333 373 3394 sub
395 3332 538 3396 Phaedri
554 3333 686 3402 ,nomine
704 3333 885 3420 divulgatos
909 3329 1070 3398 continet:
1097 3347 1129 3398 et
1150 3321 1303 3423 quiashic

315 3436 420 3508 codex
447 3433 676 3515 perincolumis
698 3421 964 3522 pancraticusoue
981 3449 1046 3514 est,
1081 3451 1195 3502 cuncta
1217 3441 1304 3502 Nea·

315 3535 452 3618 politani
480 3534 560 3600 vitia
588 3539 813 3626 luxaturasquc
845 3543 967 3619 demum
1002 3563 1160 3624 persanoz
1199 3541 1242 3606 ita
1269 3553 1306 3605 ut

315 3660 418 3703 novae
436 3638 563 3712 fabulae
583 3643 644 3704 hac
664 3635 750 3706 certe
770 3642 802 3705 in
824 3655 915 3725 parte
938 3644 1070 3710 uetustis
1085 3663 1151 3709 non
1172 3647 1303 3722 cedant,

316 3746 404 3826 quod
425 3745 509 3818 haud
533 3741 633 3814 minus
657 3750 825 3838 courmode
849 3747 966 3826 valent,
