<?xml version="1.0" encoding="UTF-8"?>
<!DOCTYPE html PUBLIC "-//W3C//DTD XHTML 1.0 Transitional//EN"
    "http://www.w3.org/TR/xhtml1/DTD/xhtml1-transitional.dtd">
<html xmlns="http://www.w3.org/1999/xhtml" xml:lang="en" lang="en">
 <head>
  <title>
</title>
<meta http-equiv="Content-Type" content="text/html;charset=utf-8" />
  <meta name='ocr-system' content='tesseract 3.04.00' />
  <meta name='ocr-capabilities' content='ocr_page ocr_carea ocr_par ocr_line ocrx_word'/>
</head>
<body>
  <div class='ocr_page' id='page_1' title='image "./phaedriaugliber00phaegoog_0272.png"; bbox 0 0 2816 4716; ppageno 0'>
   <div class='ocr_carea' id='block_1_1' title="bbox 489 428 693 576">
    <p class='ocr_par' dir='ltr' id='par_1_1' title="bbox 489 428 693 576">
     <span class='ocr_line' id='line_1_1' title="bbox 489 428 693 576; baseline 0 -16"><span class='ocrx_word' id='word_1_1' title='bbox 489 509 587 572; x_wconf 77' lang='lat' dir='ltr'><strong>[sss.</strong></span> <span class='ocrx_word' id='word_1_2' title='bbox 607 428 693 576; x_wconf 70' lang='lat' dir='ltr'><strong>in]</strong></span> 
     </span>
    </p>
   </div>
   <div class='ocr_carea' id='block_1_2' title="bbox 264 633 796 704">
    <p class='ocr_par' dir='ltr' id='par_1_2' title="bbox 264 633 796 704">
     <span class='ocr_line' id='line_1_2' title="bbox 264 633 796 704; baseline 0.011 -6"><span class='ocrx_word' id='word_1_3' title='bbox 264 687 269 698; x_wconf 89' lang='lat'><strong><em>.</em></strong></span> <span class='ocrx_word' id='word_1_4' title='bbox 325 689 328 696; x_wconf 93' lang='lat'>.</span> <span class='ocrx_word' id='word_1_5' title='bbox 388 633 531 700; x_wconf 85' lang='lat' dir='ltr'>URSUS</span> <span class='ocrx_word' id='word_1_6' title='bbox 555 635 796 704; x_wconf 82' lang='lat' dir='ltr'><strong>ESURIENS.</strong></span> 
     </span>
    </p>
   </div>
   <div class='ocr_carea' id='block_1_3' title="bbox 292 780 897 850">
    <p class='ocr_par' dir='ltr' id='par_1_3' title="bbox 292 780 897 850">
     <span class='ocr_line' id='line_1_3' title="bbox 292 780 897 850; baseline -0.003 -14"><span class='ocrx_word' id='word_1_7' title='bbox 292 781 405 836; x_wconf 74' lang='lat' dir='ltr'><strong>Famem</strong></span> <span class='ocrx_word' id='word_1_8' title='bbox 422 797 521 833; x_wconf 77' lang='lat' dir='ltr'><strong>actem</strong></span> <span class='ocrx_word' id='word_1_9' title='bbox 537 780 728 833; x_wconf 72' lang='lat' dir='ltr'><strong>animantibus</strong></span> <span class='ocrx_word' id='word_1_10' title='bbox 747 785 897 850; x_wconf 76' lang='lat' dir='ltr'><strong>lugentum.</strong></span> 
     </span>
    </p>
   </div>
   <div class='ocr_carea' id='block_1_4' title="bbox 94 919 1138 1626">
    <p class='ocr_par' dir='ltr' id='par_1_4' title="bbox 94 919 1138 1204">
     <span class='ocr_line' id='line_1_4' title="bbox 138 919 898 1008; baseline 0 -22"><span class='ocrx_word' id='word_1_11' title='bbox 138 922 174 986; x_wconf 79' lang='lat' dir='ltr'><strong>Si</strong></span> <span class='ocrx_word' id='word_1_12' title='bbox 195 925 323 1008; x_wconf 80' lang='lat' dir='ltr'><strong>quando</strong></span> <span class='ocrx_word' id='word_1_13' title='bbox 343 921 377 986; x_wconf 91' lang='lat' dir='ltr'><strong>in</strong></span> <span class='ocrx_word' id='word_1_14' title='bbox 397 919 487 986; x_wconf 86' lang='lat' dir='ltr'><strong>silvis</strong></span> <span class='ocrx_word' id='word_1_15' title='bbox 507 926 589 986; x_wconf 79' lang='lat' dir='ltr'><strong>urso&#39;</strong></span> <span class='ocrx_word' id='word_1_16' title='bbox 604 921 716 986; x_wconf 77' lang='lat' dir='ltr'><strong>desunt</strong></span> <span class='ocrx_word' id='word_1_17' title='bbox 738 921 869 1005; x_wconf 83' lang='lat' dir='ltr'><strong>copiae,</strong></span> <span class='ocrx_word' id='word_1_18' title='bbox 896 951 898 956; x_wconf 95' lang='lat'>·</span> 
     </span>
     <span class='ocr_line' id='line_1_5' title="bbox 95 1023 1138 1109; baseline 0.001 -19"><span class='ocrx_word' id='word_1_19' title='bbox 95 1026 312 1108; x_wconf 80' lang='lat' dir='ltr'><strong>Scopulosum</strong></span> <span class='ocrx_word' id='word_1_20' title='bbox 337 1027 377 1090; x_wconf 83' lang='lat' dir='ltr'><strong>ad</strong></span> <span class='ocrx_word' id='word_1_21' title='bbox 395 1023 485 1088; x_wconf 91' lang='lat' dir='ltr'><strong>littus</strong></span> <span class='ocrx_word' id='word_1_22' title='bbox 507 1025 608 1089; x_wconf 83' lang='lat' dir='ltr'><strong>currit</strong></span> <span class='ocrx_word' id='word_1_23' title='bbox 629 1037 661 1090; x_wconf 88' lang='lat' dir='ltr'><strong>et</strong></span> <span class='ocrx_word' id='word_1_24' title='bbox 681 1029 840 1108; x_wconf 76' lang='lat' dir='ltr'><strong>prendens</strong></span> <span class='ocrx_word' id='word_1_25' title='bbox 861 1037 983 1109; x_wconf 82' lang='lat' dir='ltr'><strong>petram</strong></span> <span class='ocrx_word' id='word_1_26' title='bbox 1022 1065 1026 1070; x_wconf 96' lang='lat'>-</span> <span class='ocrx_word' id='word_1_27' title='bbox 1135 1103 1138 1106; x_wconf 22' lang='lat'>¹</span> 
     </span>
     <span class='ocr_line' id='line_1_6' title="bbox 94 1127 751 1204; baseline 0 -11"><span class='ocrx_word' id='word_1_28' title='bbox 94 1128 209 1193; x_wconf 85' lang='lat' dir='ltr'>Pilosa</span> <span class='ocrx_word' id='word_1_29' title='bbox 233 1150 329 1193; x_wconf 82' lang='lat' dir='ltr'><strong>crura</strong></span> <span class='ocrx_word' id='word_1_30' title='bbox 350 1127 465 1192; x_wconf 88' lang='lat' dir='ltr'><strong>sensim</strong></span> <span class='ocrx_word' id='word_1_31' title='bbox 489 1127 626 1194; x_wconf 85' lang='lat' dir='ltr'><strong>de&#39;miuit</strong></span> <span class='ocrx_word' id='word_1_32' title='bbox 648 1133 751 1204; x_wconf 85' lang='lat' dir='ltr'><strong>vado;</strong></span> 
     </span>
    </p>

    <p class='ocr_par' dir='ltr' id='par_1_5' title="bbox 96 1227 998 1311">
     <span class='ocr_line' id='line_1_7' title="bbox 96 1227 998 1311; baseline 0.003 -17"><span class='ocrx_word' id='word_1_33' title='bbox 96 1231 243 1311; x_wconf 83' lang='lat' dir='ltr'><strong>Quorum</strong></span> <span class='ocrx_word' id='word_1_34' title='bbox 265 1227 348 1294; x_wconf 78' lang='lat' dir='ltr'><strong>inter</strong></span> <span class='ocrx_word' id='word_1_35' title='bbox 368 1230 465 1296; x_wconf 83' lang='lat' dir='ltr'><strong>villos</strong></span> <span class='ocrx_word' id='word_1_36' title='bbox 486 1230 578 1295; x_wconf 88' lang='lat' dir='ltr'><strong>simul</strong></span> <span class='ocrx_word' id='word_1_37' title='bbox 599 1234 777 1308; x_wconf 82' lang='lat' dir='ltr'><strong>haeserunt</strong></span> <span class='ocrx_word' id='word_1_38' title='bbox 791 1253 956 1310; x_wconf 71' lang='lat' dir='ltr'><strong>cenceros,</strong></span> <span class='ocrx_word' id='word_1_39' title='bbox 996 1254 998 1264; x_wconf 90' lang='lat'>·</span> 
     </span>
    </p>

    <p class='ocr_par' dir='ltr' id='par_1_6' title="bbox 94 1333 1081 1522">
     <span class='ocr_line' id='line_1_8' title="bbox 94 1333 1081 1418; baseline 0.005 -21"><span class='ocrx_word' id='word_1_40' title='bbox 94 1334 135 1397; x_wconf 91' lang='lat' dir='ltr'><strong>In</strong></span> <span class='ocrx_word' id='word_1_41' title='bbox 154 1343 272 1397; x_wconf 80' lang='lat' dir='ltr'><strong>terram</strong></span> <span class='ocrx_word' id='word_1_42' title='bbox 295 1333 453 1417; x_wconf 81' lang='lat' dir='ltr'>arripiens</span> <span class='ocrx_word' id='word_1_43' title='bbox 475 1334 596 1398; x_wconf 84' lang='lat' dir='ltr'>excutit</span> <span class='ocrx_word' id='word_1_44' title='bbox 617 1337 767 1418; x_wconf 82' lang='lat' dir='ltr'><strong>psaedam</strong></span> <span class='ocrx_word' id='word_1_45' title='bbox 785 1336 882 1400; x_wconf 77' lang='lat' dir='ltr'><strong>tnesis</strong></span> <span class='ocrx_word' id='word_1_46' title='bbox 1062 1339 1081 1402; x_wconf 70' lang='grc' dir='ltr'><strong>ὅ</strong></span> 
     </span>
     <span class='ocr_line' id='line_1_9' title="bbox 95 1436 819 1522; baseline 0.004 -22"><span class='ocrx_word' id='word_1_47' title='bbox 95 1437 247 1522; x_wconf 78' lang='lat' dir='ltr'><strong>Escaque</strong></span> <span class='ocrx_word' id='word_1_48' title='bbox 271 1436 393 1500; x_wconf 79' lang='lat' dir='ltr'><strong>fruitur</strong></span> <span class='ocrx_word' id='word_1_49' title='bbox 413 1436 531 1521; x_wconf 87' lang='lat' dir='ltr'><strong>passim</strong></span> <span class='ocrx_word' id='word_1_50' title='bbox 554 1439 691 1502; x_wconf 84' lang='lat' dir='ltr'><strong>collecta</strong></span> <span class='ocrx_word' id='word_1_51' title='bbox 715 1438 819 1504; x_wconf 81' lang='lat' dir='ltr'><strong>valer.</strong></span> 
     </span>
    </p>

    <p class='ocr_par' dir='ltr' id='par_1_7' title="bbox 94 1539 855 1626">
     <span class='ocr_line' id='line_1_10' title="bbox 94 1539 855 1626; baseline 0.001 -21"><span class='ocrx_word' id='word_1_52' title='bbox 94 1541 191 1624; x_wconf 74' lang='lat' dir='ltr'><strong>Ergo</strong></span> <span class='ocrx_word' id='word_1_53' title='bbox 213 1539 306 1606; x_wconf 83' lang='lat' dir='ltr'><strong>etiam</strong></span> <span class='ocrx_word' id='word_1_54' title='bbox 328 1539 432 1618; x_wconf 83' lang='lat' dir='ltr'><strong>stultis</strong></span> <span class='ocrx_word' id='word_1_55' title='bbox 454 1539 539 1606; x_wconf 83' lang='lat' dir='ltr'>acuit</span> <span class='ocrx_word' id='word_1_56' title='bbox 559 1539 720 1626; x_wconf 78' lang='lat' dir='ltr'><strong>ingenium</strong></span> <span class='ocrx_word' id='word_1_57' title='bbox 743 1543 855 1622; x_wconf 78' lang='lat' dir='ltr'><strong>lesnes.</strong></span> 
     </span>
    </p>
   </div>
   <div class='ocr_carea' id='block_1_5' title="bbox 481 1891 705 1954">
    <p class='ocr_par' dir='ltr' id='par_1_8' title="bbox 481 1891 705 1954">
     <span class='ocr_line' id='line_1_11' title="bbox 481 1891 705 1954; baseline 0.004 -15"><span class='ocrx_word' id='word_1_58' title='bbox 481 1891 579 1954; x_wconf 75' lang='lat' dir='ltr'><strong>[sss.</strong></span> <span class='ocrx_word' id='word_1_59' title='bbox 605 1895 705 1954; x_wconf 75' lang='lat' dir='ltr'><strong>nutu]</strong></span> 
     </span>
    </p>
   </div>
   <div class='ocr_carea' id='block_1_6' title="bbox 335 2050 830 2154">
    <p class='ocr_par' dir='ltr' id='par_1_9' title="bbox 335 2050 830 2154">
     <span class='ocr_line' id='line_1_12' title="bbox 335 2050 830 2154; baseline 0.008 -40"><span class='ocrx_word' id='word_1_60' title='bbox 335 2050 522 2154; x_wconf 76' lang='lat' dir='ltr'><strong>vunnou</strong></span> <span class='ocrx_word' id='word_1_61' title='bbox 543 2053 606 2118; x_wconf 80' lang='lat' dir='ltr'><strong>es</strong></span> <span class='ocrx_word' id='word_1_62' title='bbox 629 2050 830 2120; x_wconf 84' lang='lat' dir='ltr'><strong>convus.</strong></span> 
     </span>
    </p>
   </div>
   <div class='ocr_carea' id='block_1_7' title="bbox 244 2210 931 2290">
    <p class='ocr_par' dir='ltr' id='par_1_10' title="bbox 244 2210 931 2290">
     <span class='ocr_line' id='line_1_13' title="bbox 244 2210 931 2290; baseline 0.009 -26"><span class='ocrx_word' id='word_1_63' title='bbox 244 2210 349 2264; x_wconf 79' lang='lat' dir='ltr'><strong>Verbts</strong></span> <span class='ocrx_word' id='word_1_64' title='bbox 363 2225 558 2284; x_wconf 74' lang='lat' dir='ltr'><strong>saepenumero</strong></span> <span class='ocrx_word' id='word_1_65' title='bbox 581 2212 706 2272; x_wconf 81' lang='lat' dir='ltr'><strong>homlnes</strong></span> <span class='ocrx_word' id='word_1_66' title='bbox 724 2216 814 2290; x_wconf 74' lang='lat' dir='ltr'><strong>decipi</strong></span> <span class='ocrx_word' id='word_1_67' title='bbox 833 2216 931 2270; x_wconf 75' lang='lat' dir='ltr'><strong>solere.</strong></span> 
     </span>
    </p>
   </div>
   <div class='ocr_carea' id='block_1_8' title="bbox 88 2347 1085 3582">
    <p class='ocr_par' dir='ltr' id='par_1_11' title="bbox 88 2347 861 2856">
     <span class='ocr_line' id='line_1_14' title="bbox 135 2347 861 2448; baseline 0.011 -28"><span class='ocrx_word' id='word_1_68' title='bbox 135 2357 273 2439; x_wconf 82' lang='lat' dir='ltr'><strong>Quidam</strong></span> <span class='ocrx_word' id='word_1_69' title='bbox 296 2381 357 2442; x_wconf 79' lang='lat' dir='ltr'><strong>per</strong></span> <span class='ocrx_word' id='word_1_70' title='bbox 375 2383 475 2448; x_wconf 81' lang='lat' dir='ltr'><strong>agros</strong></span> <span class='ocrx_word' id='word_1_71' title='bbox 494 2361 621 2426; x_wconf 83' lang='lat' dir='ltr'><strong>devium</strong></span> <span class='ocrx_word' id='word_1_72' title='bbox 645 2387 778 2448; x_wconf 80' lang='lat' dir='ltr'><strong>carpens</strong></span> <span class='ocrx_word' id='word_1_73' title='bbox 795 2347 861 2429; x_wconf 75' lang='lat' dir='ltr'><strong>iter</strong></span> 
     </span>
     <span class='ocr_line' id='line_1_15' title="bbox 91 2463 789 2550; baseline 0.004 -23"><span class='ocrx_word' id='word_1_74' title='bbox 91 2465 171 2527; x_wconf 80' lang='grc' dir='ltr'><strong>Ανι</strong></span> <span class='ocrx_word' id='word_1_75' title='bbox 195 2463 359 2528; x_wconf 82' lang='lat' dir='ltr'><strong>exaudivit</strong></span> <span class='ocrx_word' id='word_1_76' title='bbox 381 2475 413 2530; x_wconf 91' lang='lat' dir='ltr'><strong>et</strong></span> <span class='ocrx_word' id='word_1_77' title='bbox 434 2477 577 2530; x_wconf 85' lang='lat' dir='ltr'><strong>moratus</strong></span> <span class='ocrx_word' id='word_1_78' title='bbox 598 2467 789 2550; x_wconf 80' lang='lat' dir='ltr'>paullulum,</span> 
     </span>
     <span class='ocr_line' id='line_1_16' title="bbox 91 2565 857 2656; baseline 0.009 -26"><span class='ocrx_word' id='word_1_79' title='bbox 91 2567 218 2630; x_wconf 82' lang='lat' dir='ltr'><strong>Adesse</strong></span> <span class='ocrx_word' id='word_1_80' title='bbox 242 2579 276 2630; x_wconf 93' lang='lat' dir='ltr'><strong>ut</strong></span> <span class='ocrx_word' id='word_1_81' title='bbox 298 2565 380 2631; x_wconf 83' lang='lat' dir='ltr'><strong>vidit</strong></span> <span class='ocrx_word' id='word_1_82' title='bbox 401 2567 575 2645; x_wconf 87' lang='lat' dir='ltr'><strong>neminem,</strong></span> <span class='ocrx_word' id='word_1_83' title='bbox 599 2569 686 2654; x_wconf 90' lang='lat' dir='ltr'><strong>cepit</strong></span> <span class='ocrx_word' id='word_1_84' title='bbox 708 2571 857 2656; x_wconf 75' lang='lat' dir='ltr'><strong>gradum.</strong></span> 
     </span>
     <span class='ocr_line' id='line_1_17' title="bbox 92 2669 828 2748; baseline 0.004 -16"><span class='ocrx_word' id='word_1_85' title='bbox 92 2669 216 2732; x_wconf 83' lang='lat' dir='ltr'><strong>lterum</strong></span> <span class='ocrx_word' id='word_1_86' title='bbox 241 2670 372 2748; x_wconf 81' lang='lat' dir='ltr'><strong>salutat,</strong></span> <span class='ocrx_word' id='word_1_87' title='bbox 395 2669 480 2735; x_wconf 88' lang='lat' dir='ltr'><strong>idem</strong></span> <span class='ocrx_word' id='word_1_88' title='bbox 502 2693 544 2736; x_wconf 85' lang='lat' dir='ltr'><strong>ex</strong></span> <span class='ocrx_word' id='word_1_89' title='bbox 566 2673 697 2738; x_wconf 88' lang='lat' dir='ltr'><strong>occulto</strong></span> <span class='ocrx_word' id='word_1_90' title='bbox 718 2695 828 2739; x_wconf 85' lang='lat' dir='ltr'><strong>sonus.</strong></span> 
     </span>
     <span class='ocr_line' id='line_1_18' title="bbox 88 2772 742 2856; baseline 0.006 -20"><span class='ocrx_word' id='word_1_91' title='bbox 88 2772 187 2838; x_wconf 82' lang='lat' dir='ltr'><strong>Voce</strong></span> <span class='ocrx_word' id='word_1_92' title='bbox 204 2773 358 2856; x_wconf 84' lang='lat' dir='ltr'><strong>hospitali</strong></span> <span class='ocrx_word' id='word_1_93' title='bbox 380 2777 586 2840; x_wconf 80' lang='lat' dir='ltr'><strong>confirmatus</strong></span> <span class='ocrx_word' id='word_1_94' title='bbox 608 2775 742 2853; x_wconf 79' lang='lat' dir='ltr'><strong>restitit,&#39;</strong></span> 
     </span>
    </p>

    <p class='ocr_par' dir='ltr' id='par_1_12' title="bbox 89 2875 883 2967">
     <span class='ocr_line' id='line_1_19' title="bbox 89 2875 883 2967; baseline 0.001 -26"><span class='ocrx_word' id='word_1_95' title='bbox 89 2877 154 2952; x_wconf 86' lang='lat' dir='ltr'><strong>Ut,</strong></span> <span class='ocrx_word' id='word_1_96' title='bbox 168 2875 322 2963; x_wconf 86' lang='lat' dir='ltr'><strong>-quisquis</strong></span> <span class='ocrx_word' id='word_1_97' title='bbox 342 2889 441 2954; x_wconf 86' lang='lat' dir='ltr'><strong>esset,</strong></span> <span class='ocrx_word' id='word_1_98' title='bbox 461 2899 521 2961; x_wconf 80' lang='lat' dir='ltr'><strong>par</strong></span> <span class='ocrx_word' id='word_1_99' title='bbox 546 2879 690 2944; x_wconf 85' lang='lat' dir='ltr'><strong>officium</strong></span> <span class='ocrx_word' id='word_1_100' title='bbox 711 2879 883 2967; x_wconf 81' lang='lat' dir='ltr'><strong>reciperet.</strong></span> 
     </span>
    </p>

    <p class='ocr_par' dir='ltr' id='par_1_13' title="bbox 92 2979 870 3064">
     <span class='ocr_line' id='line_1_20' title="bbox 92 2979 870 3064; baseline 0.006 -24"><span class='ocrx_word' id='word_1_101' title='bbox 92 2979 199 3058; x_wconf 86' lang='lat' dir='ltr'>Quum</span> <span class='ocrx_word' id='word_1_102' title='bbox 225 2979 495 3064; x_wconf 79' lang='lat' dir='ltr'><strong>circumspectans</strong></span> <span class='ocrx_word' id='word_1_103' title='bbox 512 3003 626 3047; x_wconf 78' lang='lat' dir='ltr'><strong>errore</strong></span> <span class='ocrx_word' id='word_1_104' title='bbox 645 2982 798 3046; x_wconf 86' lang='lat' dir='ltr'><strong>haesisset</strong></span> <span class='ocrx_word' id='word_1_105' title='bbox 817 2981 870 3045; x_wconf 87' lang='lat' dir='ltr'><strong>diu</strong></span> 
     </span>
    </p>

    <p class='ocr_par' dir='ltr' id='par_1_14' title="bbox 89 3081 801 3170">
     <span class='ocr_line' id='line_1_21' title="bbox 89 3081 801 3170; baseline 0.003 -24"><span class='ocrx_word' id='word_1_106' title='bbox 89 3083 136 3146; x_wconf 86' lang='lat' dir='ltr'><strong>Et</strong></span> <span class='ocrx_word' id='word_1_107' title='bbox 157 3081 350 3166; x_wconf 82' lang='lat' dir='ltr'><strong>perdidisset</strong></span> <span class='ocrx_word' id='word_1_108' title='bbox 370 3094 495 3167; x_wconf 87' lang='lat' dir='ltr'><strong>tempus</strong></span> <span class='ocrx_word' id='word_1_109' title='bbox 516 3084 640 3170; x_wconf 80' lang='lat' dir='ltr'><strong>aliquot</strong></span> <span class='ocrx_word' id='word_1_110' title='bbox 663 3085 801 3162; x_wconf 84' lang='lat' dir='ltr'><strong>milium,</strong></span> 
     </span>
    </p>

    <p class='ocr_par' dir='ltr' id='par_1_15' title="bbox 93 3172 762 3271">
     <span class='ocr_line' id='line_1_22' title="bbox 93 3172 762 3271; baseline 0.001 -20"><span class='ocrx_word' id='word_1_111' title='bbox 93 3187 244 3251; x_wconf 88' lang='lat' dir='ltr'><strong>Ostendit</strong></span> <span class='ocrx_word' id='word_1_112' title='bbox 266 3172 334 3252; x_wconf 82' lang='lat' dir='ltr'><strong>sese</strong></span> <span class='ocrx_word' id='word_1_113' title='bbox 358 3207 478 3252; x_wconf 74' lang='lat' dir='ltr'><strong>corvus</strong></span> <span class='ocrx_word' id='word_1_114' title='bbox 498 3199 529 3251; x_wconf 89' lang='lat' dir='ltr'><strong>et</strong></span> <span class='ocrx_word' id='word_1_115' title='bbox 550 3189 762 3271; x_wconf 84' lang='lat' dir='ltr'><strong>supervolans</strong></span> 
     </span>
    </p>

    <p class='ocr_par' dir='ltr' id='par_1_16' title="bbox 90 3288 1085 3480">
     <span class='ocr_line' id='line_1_23' title="bbox 90 3288 1085 3378; baseline 0.004 -26"><span class='ocrx_word' id='word_1_116' title='bbox 90 3289 169 3353; x_wconf 75' lang='lat' dir='ltr'><strong>Ave</strong></span> <span class='ocrx_word' id='word_1_117' title='bbox 190 3311 289 3375; x_wconf 88' lang='lat' dir='ltr'><strong>usque</strong></span> <span class='ocrx_word' id='word_1_118' title='bbox 312 3288 459 3376; x_wconf 85' lang='lat' dir='ltr'><strong>ingessit.</strong></span> <span class='ocrx_word' id='word_1_119' title='bbox 504 3292 587 3353; x_wconf 88' lang='lat' dir='ltr'><strong>Tum</strong></span> <span class='ocrx_word' id='word_1_120' title='bbox 608 3311 642 3354; x_wconf 89' lang='lat' dir='ltr'><strong>se</strong></span> <span class='ocrx_word' id='word_1_121' title='bbox 661 3293 762 3355; x_wconf 90' lang='lat' dir='ltr'><strong>lusum</strong></span> <span class='ocrx_word' id='word_1_122' title='bbox 785 3290 986 3378; x_wconf 84' lang='lat' dir='ltr'><strong>intelligens:</strong></span> <span class='ocrx_word' id='word_1_123' title='bbox 1044 3293 1085 3358; x_wconf 81' lang='lat' dir='ltr'><strong>lo</strong></span> 
     </span>
     <span class='ocr_line' id='line_1_24' title="bbox 90 3391 813 3480; baseline 0.001 -24"><span class='ocrx_word' id='word_1_124' title='bbox 90 3393 138 3456; x_wconf 84' lang='lat' dir='ltr'><strong>At</strong></span> <span class='ocrx_word' id='word_1_125' title='bbox 165 3392 245 3456; x_wconf 81' lang='lat' dir='ltr'><strong>male</strong></span> <span class='ocrx_word' id='word_1_126' title='bbox 267 3391 327 3456; x_wconf 89' lang='lat' dir='ltr'><strong>tibi</strong></span> <span class='ocrx_word' id='word_1_127' title='bbox 346 3391 549 3480; x_wconf 79' lang='lat' dir='ltr'><strong>sit,&#39;inquit,</strong></span> <span class='ocrx_word' id='word_1_128' title='bbox 574 3393 638 3457; x_wconf 85' lang='lat' dir='ltr'><strong>eles</strong></span> <span class='ocrx_word' id='word_1_129' title='bbox 659 3393 813 3476; x_wconf 87' lang='lat' dir='ltr'><strong>pessime,</strong></span> 
     </span>
    </p>

    <p class='ocr_par' dir='ltr' id='par_1_17' title="bbox 95 3493 868 3582">
     <span class='ocr_line' id='line_1_25' title="bbox 95 3493 868 3582; baseline 0.003 -24"><span class='ocrx_word' id='word_1_130' title='bbox 95 3493 161 3577; x_wconf 84' lang='lat' dir='ltr'><strong>Qui</strong></span> <span class='ocrx_word' id='word_1_131' title='bbox 183 3494 361 3560; x_wconf 77' lang='lat' dir='ltr'><strong>festinantis</strong></span> <span class='ocrx_word' id='word_1_132' title='bbox 383 3495 464 3562; x_wconf 83' lang='lat' dir='ltr'><strong>male</strong></span> <span class='ocrx_word' id='word_1_133' title='bbox 490 3494 652 3562; x_wconf 84' lang='lat' dir='ltr'><strong>detinuisti</strong></span> <span class='ocrx_word' id='word_1_134' title='bbox 671 3500 781 3582; x_wconf 86' lang='lat' dir='ltr'><strong>pedes.</strong></span> <span class='ocrx_word' id='word_1_135' title='bbox 807 3523 810 3528; x_wconf 94' lang='lat'>·</span> <span class='ocrx_word' id='word_1_136' title='bbox 864 3525 868 3534; x_wconf 61' lang='lat'>⁴</span> 
     </span>
    </p>
   </div>
   <div class='ocr_carea' id='block_1_9' title="bbox 86 3759 1083 4044">
    <p class='ocr_par' dir='ltr' id='par_1_18' title="bbox 87 3759 1083 3892">
     <span class='ocr_line' id='line_1_26' title="bbox 140 3759 1083 3826; baseline -0.001 -15"><span class='ocrx_word' id='word_1_137' title='bbox 140 3766 202 3811; x_wconf 75' lang='lat' dir='ltr'><strong>l&#39;n.</strong></span> <span class='ocrx_word' id='word_1_138' title='bbox 222 3761 295 3809; x_wconf 63' lang='lat' dir='ltr'><strong>Ml.</strong></span> <span class='ocrx_word' id='word_1_139' title='bbox 333 3759 373 3818; x_wconf 81' lang='lat'><strong>(3)</strong></span> <span class='ocrx_word' id='word_1_140' title='bbox 391 3759 508 3822; x_wconf 78' lang='lat' dir='ltr'><strong>demittit]</strong></span> <span class='ocrx_word' id='word_1_141' title='bbox 524 3763 583 3808; x_wconf 76' lang='lat' dir='ltr'><strong>Vnt.</strong></span> <span class='ocrx_word' id='word_1_142' title='bbox 605 3787 636 3798; x_wconf 92' lang='lat'><em>-</em></span> <span class='ocrx_word' id='word_1_143' title='bbox 661 3764 763 3808; x_wconf 77' lang='lat' dir='ltr'><strong>dimittit</strong></span> <span class='ocrx_word' id='word_1_144' title='bbox 783 3759 857 3820; x_wconf 69' lang='lat' dir='ltr'><strong>neap.</strong></span> <span class='ocrx_word' id='word_1_145' title='bbox 895 3763 932 3818; x_wconf 74' lang='lat' dir='ltr'><strong>ll)</strong></span> <span class='ocrx_word' id='word_1_146' title='bbox 952 3764 1083 3826; x_wconf 76' lang='lat' dir='ltr'><strong>censeres}</strong></span> 
     </span>
     <span class='ocr_line' id='line_1_27' title="bbox 87 3831 1080 3892; baseline -0.005 -7"><span class='ocrx_word' id='word_1_147' title='bbox 87 3835 157 3885; x_wconf 62' lang='lat'><strong>002.</strong></span> <span class='ocrx_word' id='word_1_148' title='bbox 177 3857 211 3870; x_wconf 90' lang='lat'>-</span> <span class='ocrx_word' id='word_1_149' title='bbox 229 3831 467 3886; x_wconf 57' lang='lat' dir='ltr'><strong>eanertvndteap.</strong></span> <span class='ocrx_word' id='word_1_150' title='bbox 488 3831 525 3886; x_wconf 83' lang='grc'><strong>(7)</strong></span> <span class='ocrx_word' id='word_1_151' title='bbox 543 3831 639 3892; x_wconf 75' lang='lat' dir='ltr'><strong>stultis]</strong></span> <span class='ocrx_word' id='word_1_152' title='bbox 653 3835 672 3878; x_wconf 92' lang='lat' dir='ltr'><strong>l.</strong></span> <span class='ocrx_word' id='word_1_153' title='bbox 692 3835 722 3878; x_wconf 69' lang='lat' dir='ltr'><strong>C»</strong></span> <span class='ocrx_word' id='word_1_154' title='bbox 740 3835 770 3880; x_wconf 81' lang='lat' dir='ltr'><strong>z.</strong></span> <span class='ocrx_word' id='word_1_155' title='bbox 791 3859 822 3875; x_wconf 79' lang='lat'><strong>·-</strong></span> <span class='ocrx_word' id='word_1_156' title='bbox 841 3835 916 3878; x_wconf 79' lang='lat' dir='ltr'><strong>stulte</strong></span> <span class='ocrx_word' id='word_1_157' title='bbox 931 3835 985 3878; x_wconf 80' lang='lat' dir='ltr'><strong>vet.</strong></span> <span class='ocrx_word' id='word_1_158' title='bbox 1004 3833 1080 3890; x_wconf 70' lang='lat' dir='ltr'><strong>unp.</strong></span> 
     </span>
    </p>

    <p class='ocr_par' dir='ltr' id='par_1_19' title="bbox 86 3899 1082 4044">
     <span class='ocr_line' id='line_1_28' title="bbox 138 3899 1082 3964; baseline 0.001 -14"><span class='ocrx_word' id='word_1_159' title='bbox 138 3905 199 3950; x_wconf 72' lang='lat' dir='ltr'><strong>Fue.</strong></span> <span class='ocrx_word' id='word_1_160' title='bbox 220 3901 305 3951; x_wconf 78' lang='lat' dir='ltr'><strong>xxu.</strong></span> <span class='ocrx_word' id='word_1_161' title='bbox 343 3899 379 3960; x_wconf 79' lang='grc'><strong>(4)</strong></span> <span class='ocrx_word' id='word_1_162' title='bbox 398 3899 486 3962; x_wconf 83' lang='lat' dir='ltr'><strong>senus]</strong></span> <span class='ocrx_word' id='word_1_163' title='bbox 498 3905 571 3957; x_wconf 68' lang='lat' dir='ltr'><strong>Vsu,</strong></span> <span class='ocrx_word' id='word_1_164' title='bbox 586 3910 611 3950; x_wconf 90' lang='lat' dir='ltr'><strong>ut</strong></span> <span class='ocrx_word' id='word_1_165' title='bbox 624 3904 653 3950; x_wconf 82' lang='lat' dir='ltr'><strong>C.</strong></span> <span class='ocrx_word' id='word_1_166' title='bbox 665 3905 696 3952; x_wconf 82' lang='grc' dir='ltr'><strong>Ζ.</strong></span> <span class='ocrx_word' id='word_1_167' title='bbox 707 3929 739 3941; x_wconf 91' lang='lat'><strong>·-</strong></span> <span class='ocrx_word' id='word_1_168' title='bbox 749 3911 823 3951; x_wconf 78' lang='lat' dir='ltr'><strong>sonet</strong></span> <span class='ocrx_word' id='word_1_169' title='bbox 834 3901 909 3961; x_wconf 62' lang='lat' dir='ltr'><strong>uias.</strong></span> <span class='ocrx_word' id='word_1_170' title='bbox 946 3901 1004 3964; x_wconf 75' lang='lat' dir='ltr'>(ll)</span> <span class='ocrx_word' id='word_1_171' title='bbox 1017 3907 1082 3951; x_wconf 76' lang='lat' dir='ltr'><strong>mete</strong></span> 
     </span>
     <span class='ocr_line' id='line_1_29' title="bbox 86 3970 598 4044; baseline -0.01 -19"><span class='ocrx_word' id='word_1_172' title='bbox 86 3974 144 4044; x_wconf 63' lang='lat' dir='ltr'><strong>tidfl</strong></span> <span class='ocrx_word' id='word_1_173' title='bbox 162 3975 183 4023; x_wconf 85' lang='lat' dir='ltr'><strong>l·</strong></span> <span class='ocrx_word' id='word_1_174' title='bbox 203 3974 237 4022; x_wconf 80' lang='lat' dir='ltr'><strong>z.·</strong></span> <span class='ocrx_word' id='word_1_175' title='bbox 254 3985 287 4010; x_wconf 56' lang='grc' dir='ltr'><strong>ἀ·</strong></span> <span class='ocrx_word' id='word_1_176' title='bbox 305 3970 352 4018; x_wconf 76' lang='lat' dir='ltr'><strong>ttds‘</strong></span> <span class='ocrx_word' id='word_1_177' title='bbox 368 3973 433 4019; x_wconf 80' lang='lat' dir='ltr'><strong>mele</strong></span> <span class='ocrx_word' id='word_1_178' title='bbox 447 3974 502 4018; x_wconf 71' lang='lat' dir='ltr'><strong>Vnt.</strong></span> <span class='ocrx_word' id='word_1_179' title='bbox 523 3971 598 4032; x_wconf 78' lang='lat' dir='ltr'><strong>Nssp.</strong></span> 
     </span>
    </p>
   </div>
   <div class='ocr_carea' id='block_1_10' title="bbox 0 0 1412 4716">
    <p class='ocr_par' dir='ltr' id='par_1_20' title="bbox 0 0 1412 4716">
     <span class='ocr_line' id='line_1_30' title="bbox 0 0 1412 4716; baseline 0 0"><span class='ocrx_word' id='word_1_180' title='bbox 0 0 1412 4716; x_wconf 95' lang='lat' dir='ltr'><strong> </strong></span> 
     </span>
    </p>
   </div>
  </div>
 </body>
</html>
