2846 4736
308 327 348 392 32

307 465 460 550 Fugitant
480 463 619 530 inertes:
643 467 953 549 vocem'pr'aecludit
975 477 1088 532 metus.
1108 494 1110 500 ’

306 569 430 632 Furtim
452 569 551 653 igitur
572 569 644 631 dant
664 569 831 633 Mercurio
854 573 995 632 mandata
1015 573 1056 632 ad
1076 569 1210 646 Iouem,

304 670 451 736 Adflietis
471 682 507 734 ut
527 681 703 734 succurrat.
748 674 841 735 Tune
861 683 974 736 eontra
995 675 1092 736 deust

306 772 388 851 Quia
410 771 553 836 noluistis
576 783 716 836 vestrum
737 773 845 850 ferre,
869 773 988 857 inquit,
1012 777 1150 851 bonurn,

303 874 426 938 Malum
447 875 600 957 perferte.
644 877 717 940 Vos
739 897 886 960 quoque,
911 897 931 939 o
953 877 1057 956 cives,
1082 878 1144 954 ait,
1255 879 1298 942 30

306 977 381 1042 Hoc
401 975 573 1056 sustinete,
595 977 694 1042 maius
716 999 755 1042 ne
778 979 883 1042 veniat
906 979 1033 1044 malum.

709 1215 806 1278 [ean.
829 1217 893 1277 uu]
954 1281 957 1286 1

421 1351 666 1432 euasurus
690 1367 925 1432 suesanus
947 1365 1008 1430 uu
1030 1365 1172 1431 ravo.

347 1507 398 1568 Ne
420 1497 555 1590 gloriari
574 1505 669 1568 libeat
690 1505 797 1582 alienis
819 1505 913 1570 honis

306 1608 435 1692 Suoque
456 1607 564 1690 potius
584 1609 693 1671 habitu
715 1609 810 1672 vitam
834 1611 970 1694 degere,

306 1709 455 1790 Aesopus
477 1709 654 1780 nobishoc
675 1713 853 1794 exemplum
874 1711 1026 1794 prodidit.

325 1831 328 1836 ·
348 1813 487 1875 Tumens
508 1811 760 1896 inanigraculus
781 1814 946 1895 superbia,

302 1908 429 1979 Pennas
450 1911 569 1995 pavoni
590 1935 670 1998 quae
692 1915 873 1978 deciderant
893 1915 1018 1980 sustulit

303 2014 409 2098 Seque
431 2016 610 2079 exornavit.
652 2015 775 2080 Deinde
798 2030 999 2082 contemnens
1021 2039 1097 2084 suos

303 2116 482 2180 Immiscuit·
495 2139 529 2180 se
551 2137 709 2200 pavonum
730 2119 875 2185 formoso
898 2123 1004 2206 gregi.
1027 2176 1029 2180 ,

302 2217 356 2280 Illi
377 2218 548 2300 impudenti
568 2239 687 2300 pennas
709 2221 843 2304 eripiunt
865 2223 917 2287 avi

211 2331 214 2336 “
303 2322 492 2406 Fugantque
513 2319 641 2386 rostris.
685 2323 773 2386 Male
795 2325 946 2390 muricatus
964 2326 1117 2410 graculus

287 2423 424 2488 ¹Redire
445 2418 588 2488 maerens
607 2425 716 2508 coepit
737 2429 776 2490 ad
796 2429 960 2510 proprium
982 2449 1103 2512 genus3
1256 2431 1299 2492 10

302 2527 336 2590 A
358 2547 422 2610 quo
444 2527 588 2608 repulsus
610 2527 730 2591 tristem
752 2528 899 2594 sustinuit
910 2542 1076 2600 notam

265 2657 271 2668 ¹
305 2629 390 2690 Tum
413 2629 537 2712 quidam
560 2629 699 2706 exiliis,
724 2653 805 2714 quos
826 2632 913 2714 prius
935 2607 1146 2717 despexerat.
1233 2649 1235 2653 ·

229 2715 231 2722 “
303 2729 481 2794 Contentus
503 2732 621 2794 nostris
642 2732 668 2795 si
688 2733 802 2796 fuisses
824 2733 950 2797 sedibus

303 2833 348 2896 Et
371 2832 467 2918 quod
480 2846 589 2907 natura
611 2837 742 2898 dederat
763 2835 917 2900 voluisses
939 2839 1024 2919 pati,
1110 2907 1111 2910 Ἴ
1151 2855 1152 2860 ’

303 2937 375 2999 Nec
398 2936 480 2998 illam
504 2949 654 3018 expertus
678 2958 763 3002 esses
786 2939 1005 3002 contumeliam

303 3039 374 3102 Nec
393 3039 475 3102 hanc
495 3039 652 3122 repulsam
673 3051 726 3104 tua
747 3039 881 3103 sentiret
901 3042 1072 3106 calamitas.

1252 1422 1259 1454 t

302 3279 439 3336 quostiam
461 3277 500 3334 A.)
536 3276 591 3336 (³0)
609 3292 710 3337 quoque,
731 3291 746 3322 o
765 3277 841 3338 eires]
859 3279 976 3338 Bongars.
995 3281 1055 3326 Ritt.
1074 3282 1140 3340 (Vct.
1160 3281 1205 3328 Gd.
1223 3281 1298 3328 Hein-

303 3343 353 3397 sh?
344 3347 487 3403 ?)S.-
454 3359 598 3409 -quoqus
616 3347 729 3392 eiueaP.
747 3361 772 3402 p.

352 3419 412 3462 Fas.
440 3417 485 3462 111.
522 3416 619 3475 (2)-
643 3429 689 3460 suo
711 3417 771 3476 quin
797 3405 890 3463 Mdurs.
914 3419 993 3464 Bentt.
1018 3419 1063 3475 (us
1089 3433 1146 3465 vera
1162 3420 1212 3466 A:
1238 3420 1298 3466 suis

301 3489 361 3548 quin
384 3487 468 3546 potius
498 3485 558 3546 eet.)
593 3482 688 3542 (5)-
655 3499 833 3543 -pcoonum
863 3489 893 3532 A.
930 3485 969 3546 (7)
992 3487 1132 3538 immiscuit
1147 3487 1185 3550 ae]
1214 3488 1245 3535 P.
1270 3503 1297 3546 p.

301 3555 364 3611 Zeti.
384 3559 437 3611 ite,
457 3562 483 3602 ut
501 3570 526 3602 v.
546 3555 683 3600 immiscuit
702 3557 734 3600 sit
750 3557 837 3610 trisytl.
857 3557 924 3615 Quod
952 3559 973 3613 si
989 3558 1047 3604 haee
1065 3560 1159 3604 lieentia
1180 3560 1297 3604 intolera-

300 3626 357 3670 bilis
376 3629 502 3682 uideatur,
530 3628 576 3684 teg.
597 3625 634 3671 vel
653 3639 707 3670 cum
724 3627 858 3684 Bongarsio
876 3631 900 3672 et
919 3627 1016 3675 Heius:
1052 3626 1084 3675 Se
1104 3629 1243 3674 immiscuit
1258 3631 1299 3674 vei

301 3710 355 3740 corn
372 3697 483 3741 Marcitio
505 3701 528 3743 et
545 3695 642 3742 uentu:
669 3693 796 3740 Imauiacet
811 3707 855 3740 re:
874 3697 970 3742 minime
989 3711 1046 3742 vero
1064 3711 1118 3742 curn
1136 3696 1199 3742 Gud.
1222 3703 1246 3742 et
1268 3699 1296 3743 S.

301 3765 380 3822 (prob.
399 3765 484 3824 Bsrg.)
500 3765 716 3820 transponendum:
734 3764 853 3832 Formoso
870 3779 898 3811 se
911 3780 1037 3824 pauonum
1054 3765 1192 3827 immiscuit
1208 3769 1297 3828 gregi.

301 3836 344 3890 (·-
362 3836 464 3880 miscuit
491 3847 518 3878 ae
544 3834 574 3878 A.
596 3834 667 3878 Rom.
698 3857 727 3868 -
757 3847 785 3879 ae
812 3833 913 3886 miscuit
929 3837 1012 3880 Burin.
1032 3849 1097 3890 susp.
1118 3836 1144 3879 tn
1170 3849 1248 3894 rnsrg.
1269 3851 1295 3892 p.

200 3919 202 3922 ·
300 3905 417 3965 Bongars.
436 3903 560 3960 proposuit
577 3904 665 3949 etiarn:
695 3903 836 3948 Irnmiacuit
857 3917 884 3948 ee
903 3902 1015 3963 paoem.)
1056 3902 1091 3962 (9)
1110 3902 1244 3964 mulcetue]
1263 3907 1295 3952 lt.

301 3978 361 4022 teste
391 3975 478 4022 Gutio.
507 3973 564 4030 (non
587 3979 704 4020 memorat
724 3973 884 4032 vincentius.)
907 3975 933 4019 S.
962 3997 995 4008 -
1023 3973 1142 4022 multatus
1160 3975 1190 4023 Ρ.
1214 3975 1245 4020 A.
1269 3990 1295 4032 p.
