2752 4718
60 483 127 545 Hos
148 481 212 546 Iuni
231 481 349 544 inertes
371 499 439 544 esse
461 481 606 544 dicebant
628 501 716 547 suos.

54 584 114 650 Lis
136 586 174 648 ad
196 584 301 674 Ionum
324 585 454 652 deducta
477 594 546 659 est,
568 605 666 666 respa
687 583 808 646 iudice:

63 687 147 766 Quae
169 709 269 772 genus
291 698 459 770 utrumque
479 700 587 752 nosset
609 709 704 770 quum
726 686 953 768 pulcherrime,

61 791 177 873 Legem
199 791 320 854 duabus
342 791 423 852 hene
442 790 612 872 proposuit
632 791 794 872 partibus:
1026 790 1045 855 5

61 894 131 956 Non
144 893 374 963 'inconveniens
396 913 515 974 eorpus
535 904 567 956 et
588 915 648 975 par
669 907 715 956 est
738 893 856 970 color,

61 997 95 1060 ln
115 996 239 1065 dubium
262 994 428 1078 planetes
451 1007 485 1058 ut
510 995 622 1060 merito
645 996 780 1062 venerit.

61 1101 118 1163 sed
139 1121 177 1162 ne
196 1089 314 1182 ¹religio
336 1110 447 1181 peccet
467 1098 637 1180 inprudens
660 1121 747 1174 rnen,

61 1201 159 1265 Alvos
181 1201 313 1283 aecipite
334 1212 365 1263 et
387 1199 466 1264 ceris
489 1222 569 1283 opus
591 1201 765 1280 infundite,
807 1200 830 1262 s
930 1199 936 1221 ⁴

62 1305 102 1368 Ut
122 1326 161 1370 ex
181 1325 298 1388 sapore
315 1305 419 1368 ‘mellis
442 1315 474 1370 et
493 1305 596 1368 Iorrna
617 1304 702 1380 favi,
1005 1309 1045 1372 10
1134 1323 1135 1326 ’

60 1406 106 1477 De
128 1410 196 1492 quIs
217 1429 300 1470 nune
322 1406 447 1492 agitur,
472 1417 585 1473 auctor
607 1409 720 1476 horum
744 1421 906 1492 appareat.

62 1511 133 1574 Fuci
153 1521 315 1574 recusant:
339 1510 453 1592 apibus
474 1507 614 1572 conditio
636 1511 750 1590 placet.

32 1683 35 1696 Ι
62 1615 147 1676 Tune
166 1613 220 1676 itta
239 1613 332 1680 telem
354 1611 512 1688 †sustulit
532 1612 735 1678 sententiam:

59 1716 207 1798 Apertum
230 1712 368 1798 estquis
390 1735 453 1778 non
475 1714 594 1796 possit,
619 1725 650 1776 et
671 1716 741 1799 quis
762 1715 885 1784 feeerit.
986 1739 988 1744 ·

61 1817 260 1904 Quapropter
282 1819 392 1900 apibus
413 1816 550 1880 Iruetum
573 1816 707 1881 restituo
729 1839 832 1890 suum.
1004 1821 1043 1888 15

97 1926 184 1988 Hono
203 1921 427 2006 praeterissem
442 1905 586 1983 'fabulam
608 1917 756 1996 silentio,

62 2025 91 2088 Si
109 2039 228 2109 pentorn
250 2024 317 2092 Iuni
338 2045 402 2089 nou
423 2032 619 2094 recusassent
640 2022 745 2095 Iidem.
805 2083 809 2094 ,

446 2257 543 2318 [run.
563 2255 650 2317 utu]
692 2271 696 2284 ·
798 2265 800 2272 ·

237 2353 441 2480 nunusn
460 2409 522 2476 ur
546 2361 855 2474 sevuuu'urn.

95 2547 271 2617 Puerorum
295 2547 326 2610 in
347 2549 440 2612 turba
463 2546 587 2633 quidam
609 2548 766 2616 ludentem
790 2543 916 2614 Atticus

60 2649 215 2734 Aesopum
235 2650 371 2714 nucibus
393 2671 489 2736 quum
511 2650 658 2726 vidisset,
683 2651 799 2713 restitit

59 2751 96 2814 Et
116 2753 204 2838 qnasi
225 2751 356 2820 delirum
381 2754 462 2816 risit.
505 2753 602 2834 Quod
623 2753 719 2818 sensit
741 2753 831 2817 simul

57 2851 185 2923 Derisor
206 2856 314 2939 potius
336 2878 428 2940 quam
450 2855 638 2924 deridendus
660 2877 775 2933 senex.

62 2956 356 3022 Areum'retensum
378 2958 487 3040 posuit
506 2958 538 3021 in
560 2959 660 3022 media
683 2962 754 3024 vie:
1021 2960 1041 3023 5

59 3057 156 3124 Heus!
178 3061 301 3148 inquit,
325 3047 468 3144 sapiens,
492 3061 623 3144 expedi,
649 3062 724 3147 quid
745 3061 889 3144 fecerim.

100 3299 157 3352 Fir.
177 3301 250 3346 xut.
288 3293 406 3360 (1)'nltn]
425 3301 456 3353 tt.
472 3315 496 3356 p.
518 3302 543 3349 S.
564 3323 592 3334 -
613 3302 712 3350 olinP.
730 3317 755 3362 g.
792 3302 876 3359 (Ibid.)
894 3317 987 3362 quercu
998 3299 1041 3362 se.

57 3369 143 3429 rorent]
166 3385 192 3428 p.
225 3371 252 3416 S.
283 3391 313 3403 —
336 3368 458 3430 sererent
485 3385 579 3430 qrssrcu
605 3371 636 3416 N.
665 3393 695 3410 ψ·
719 3386 811 3431 quercu
824 3370 944 3432 fecerunt
961 3373 992 3418 P.
1010 3375 1041 3424 tt.

57 3435 89 3494 (2)
105 3464 136 3482 -ρ
154 3441 211 3489 suis
233 3454 259 3500 g.
296 3437 332 3496 (³)
362 3463 395 3474 -
423 3438 529 3487 &ducta
550 3439 584 3486 od
598 3438 687 3500 sorum
705 3449 743 3487 set
760 3442 790 3488 N.
810 3445 886 3492 eltero
915 3445 984 3500 Ioco3
1004 3443 1042 3488 bis

57 3509 111 3552 entrn
141 3511 202 3560 hanc
231 3510 303 3554 tabet
330 3510 444 3556 taboram.
490 3511 549 3554 Mox
580 3510 609 3556 N.
641 3511 713 3557 hebet
738 3519 822 3560 nosset
835 3545 842 3570 ‚
875 3527 921 3566 non
945 3518 1040 3564 noscet.

56 3575 86 3632 (5)
104 3599 136 3618 -.··
151 3580 261 3627 duarum
277 3581 354 3632 Bono.
380 3581 458 3625 terite.
495 3581 600 3628 Habetus
629 3582 663 3624 sie
684 3581 713 3626 P.
744 3597 772 3626 nn
794 3587 830 3628 est
853 3595 901 3626 err.
925 3579 1041 3641 typsgrss

54 3643 83 3700 (6)
102 3659 131 3692 =
151 3651 220 3700 polos
238 3650 268 3694 R.
288 3665 301 3694 e
318 3663 358 3705 pr.
380 3665 414 3694 rn.
451 3647 487 3705 (9)
505 3649 588 3708 Alvos]
607 3650 636 3702 P.
657 3651 686 3694 II.
708 3651 732 3696 S.
753 3675 785 3692 ..-
804 3653 886 3702 aleses
905 3652 935 3696 N.
950 3653 995 3696 bts.
1014 3665 1039 3706 p.

55 3713 104 3775 (11)
121 3717 188 3779 qus]
207 3719 238 3764 u.
263 3733 287 3774 p.
315 3721 341 3764 s.
370 3743 403 3754 -
428 3719 516 3778 ques...
541 3719 571 3764 r.
590 3703 620 3768 rt.
669 3718 725 3778 (η)
744 3745 776 3756 -
787 3718 847 3780 suu
869 3723 900 3765 r.
937 3719 989 3777 (13)
1010 3741 1039 3758 -ψ

55 3783 112 3831 Tum
126 3789 157 3834 Ρ.
178 3789 326 3847 (saltemex
343 3789 415 3848 Berg.
434 3789 493 3844 Ed.)
529 3789 612 3845 (thid.)
630 3789 742 3849 sustulit]
760 3791 789 3835 P.
809 3791 838 3835 II.
860 3805 883 3846 p.
903 3795 1041 3844 corruptum

55 3856 138 3902 ridetur
158 3872 202 3904 ex:
228 3859 277 3914 iis,
303 3859 342 3903 εἰσ
360 3859 425 3904 tulit.
460 3859 609 3904 ArbitrarIne
631 3865 710 3912 nutem.
731 3865 863 3912 cors-esth:
885 3881 913 3892 -
937 3857 1041 3917 pertulit

55 3923 80 3970 N.
100 3930 178 3973 altero
193 3930 256 3974 Inoo.
271 3928 395 3988 -Cuninglu
418 3950 447 3960 -
463 3929 569 3986 protulit
587 3929 619 3974 N.
637 3932 714 3978 eItero
738 3932 801 3974 Ioco.
821 3932 847 3974 S.
869 3951 897 3964 -·
918 3927 1040 3978 sententie
1070 3955 1073 3962 ·

55 4007 73 4051 g.
91 3998 145 4052 (uon
164 3999 206 4058 1³.)
243 3995 298 4055 (tt)
316 4005 340 4044 et
357 3996 424 4060 quit]
443 3999 474 4044 N.
494 4019 526 4040 ·-.
545 4005 589 4044 unt
606 4001 661 4059 quis
678 4000 708 4044 P.
728 3999 758 4051 N.
779 4014 802 4056 p.
822 4001 847 4044 S.
