2846 4736
1084 339 1123 402 tt

259 501 276 542 a
299 477 470 542 Vincentio
493 477 544 542 vei
567 499 583 540 a
605 475 748 562 Rigaltio
770 477 821 542 vei
844 497 861 539 a
883 477 990 543 Gttdio
1013 477 1126 542 veleb

257 581 304 645 his
333 581 477 645 omnibus
506 574 685 671 διαρῤἡδην
712 577 786 644 huie
814 577 927 645 Codiei
962 578 1125 644 tribuitur.

127 707 167 770 g.
190 705 228 744 =
257 683 426 762 Varietas,
462 705 543 769 quae
565 703 586 745 a·
601 681 707 749 Gudio
722 683 793 746 solo
808 681 853 748 sie
867 694 1011 747 notetur:
1035 685 1128 755 Mne

263 786 317 870 qui
337 798 439 850 tamen
467 785 565 866 tiber,
597 797 631 848 ut
651 783 809 868 praedixi,
842 784 919 850 alius
940 805 958 848 n
979 783 1129 849 Remensi

260 910 328 952 esse
351 887 471 973 nequit.

129 991 181 1057 1).
203 1007 241 1044 =
262 992 364 1054 Vetus
387 991 529 1056 Danielis
551 989 712 1055 chartula:
736 992 905 1074 eademque
928 987 1128 1056 Cod..Peta·

259 1091 390 1171 mantus,
415 1093 609 1170 Vossianus,
636 1093 777 1158 Sebedae
799 1094 935 1178 Regiae.

129 1195 180 1260 N.
202 1195 376 1264 :Codex
397 1195 524 1262 Nieoiai
546 1195 691 1273 Perotti‚
724 1217 766 1260 ex
791 1195 853 1259 fide
875 1194 1020 1260 lannellii
1040 1197 1130 1258 dunr-

256 1308 362 1376 taxat,
406 1297 528 1363 ratione
556 1298 662 1363 habita
693 1297 785 1362 etiarn
817 1299 1010 1362 schedarum
1039 1295 1128 1363 Dor-

259 1399 471 1466 villiannrum.
522 1402 593 1466 Hae
625 1401 680 1465 ubi
711 1399 783 1468 falsi
813 1401 931 1486 aliquid
962 1401 1127 1478 exhibent,

186 1513 195 1518 “
260 1503 444 1585 simpliciter
464 1504 496 1567 in
517 1505 696 1586 parenthesi
718 1502 834 1567 adieci:
864 1505 908 1567 N.
930 1505 1008 1584 (non
1033 1547 1043 1568 .
1067 1547 1078 1570 .
1103 1506 1127 1584 .)

133 1607 182 1672 Α.
203 1622 240 1661 =
262 1607 448 1687 anonymus
470 1606 614 1670 tustanus.
819 1589 821 1595 ‘

131 1731 171 1792 p.
203 1739 240 1774 =
261 1707 369 1771 Editio
390 1707 538 1791 princeps
565 1707 754 1774 Pithoeana.
852 1711 858 1718 '

134 1813 175 1876 S.
203 1811 370 1878 :Editio
394 1811 618 1875 Schwabiana.
661 1811 778 1876 Cetera
800 1810 985 1894 compendia
1012 1831 1072 1894 per
1093 1830 1128 1874 se

262 1912 494 1997 intelliguntur.

201 2054 304 2134 Quum
336 2055 503 2136 typotheta
531 2075 557 2117 e
582 2076 631 2118 me
662 2054 855 2137 postularet,
888 2066 922 2117 ut
950 2053 1130 2144 longiorem

133 2157 230 2220 etiarn
259 2159 425 2220 redderem
456 2158 537 2225 haue
564 2156 810 2240 praefationem,
848 2177 915 2220 rem
949 2157 1030 2220 enim
1056 2155 1130 2220 iore
1181 2211 1187 2220 .

131 2279 270 2344 prorsus
291 2259 458 2322 inauditam
481 2280 518 2322 ae
539 2261 666 2343 pessimi
687 2259 822 2342 exempli
832 2304 845 2355 ,Δ
872 2259 898 2323 si
926 2259 1050 2345 pagella
1073 2279 1129 2322 va·

134 2374 243 2440 earet,
269 2382 331 2447 ego
352 2361 428 2426 nihss
450 2365 621 2426 addendum
643 2363 738 2427 habui
760 2363 819 2427 uisi
896 2379 902 2399 ·

262 2503 411 2567 Niconis
432 2503 585 2568 Pseonrr
607 2526 648 2566 an
670 2505 834 2570 Pveanum
856 2504 1026 2568 lineorum

539 2627 729 2671 rsonooum.

153 2743 157 2752 ·
267 2729 341 2792 Non
363 2738 435 2792 sunt
456 2727 489 2791 hi
510 2728 589 2804 mei,
612 2749 693 2812 quos
715 2739 826 2810 putas,
850 2726 1016 2804 versiculi,

224 2832 286 2896 Sed
308 2831 432 2914 Aesopi
454 2841 545 2907 sunt,
576 2829 695 2894 Avieni
716 2841 748 2892 et
769 2830 925 2894 Phaedri:

225 2936 316 3015 Quos
338 2933 473 3018 collegi,
495 2945 531 2995 ut
552 2944 674 3009 essent,-
697 2931 959 3012 Pyrrhe,'utiles
981 2931 1057 3007 tibi,

226 3039 361 3121 Tuaque
384 3057 476 3099 caussa
497 3037 621 3119 legeret
640 3035 809 3118 posteritas

225 3140 318 3220 Quas
341 3138 508 3204 edidissent
529 3137 591 3202 viri
613 3138 718 3212 docti,
740 3137 876 3202 fabulas.

114 3245 118 3252 “
224 3241 354 3306 Honori
376 3251 407 3304 et
427 3239 546 3305 meritis
569 3239 673 3303 dicavi
693 3240 766 3304 illos
788 3239 849 3304 tuis

225 3346 327 3427 Saepe
349 3342 525 3408 versiculos
547 3343 750 3425 interponens
771 3364 881 3422 meos,

229 3445 388 3527 Quasdam
409 3445 471 3509 tuis
494 3446 583 3528 quasi
595 3445 731 3508 ‘insidias
750 3445 895 3521 auribus;

228 3549 318 3612 Solet
340 3545 458 3632 quippe
479 3546 587 3630 iuvare
608 3546 669 3609 ista
696 3547 843 3612 varietas.

144 3639 157 3647 ’
224 3652 297 3716 Hos
319 3649 346 3714 si
367 3652 475 3735 leges,
499 3650 661 3727 laetabor,
686 3648 732 3712 sin
756 3663 856 3715 autem
877 3651 977 3716 minsas

225 3753 397 3816 Habebunt
418 3763 523 3842 certe,
547 3771 613 3836 quo
635 3773 669 3816 se
690 3753 867 3833 oblectent,
891 3755 1025 3838 posteri.

226 3857 319 3918 Nune
342 3855 519 3918 fabularum
542 3875 604 3916 eur
625 3854 670 3918 sit
687 3855 861 3944 ,inventum
882 3880 992 3942 genus·
1050 3908 1053 3914 .

228 3957 327 4022 Brevi
348 3959 495 4024 docebo:
519 3956 671 4024 Servitus
693 3959 844 4034 obnoxia
