2846 4736
1095 361 1135 421 11
1163 387 1165 393 ·

132 517 184 570 pue
197 498 236 568 je
253 501 335 551 nient
353 495 386 548 de
405 496 465 551 dire
486 497 590 567 detpnit
601 513 647 548 ces
659 497 839 574 assertione.)
877 498 943 568 „On
962 499 997 550 lie
1013 517 1046 552 en
1060 503 1133 552 tete.-
1279 461 1282 480 Ι

132 593 300 666 impressus
320 600 366 646 cst
384 591 440 646 iste
460 600 566 648 auctor
586 607 641 664 ope
661 589 748 646 huius
763 590 970 664 exemplaris.”
1011 592 1077 645 Cela
1090 603 1132 646 est

132 691 214 752 vrci,
233 693 262 738 et
280 685 304 736 il
319 683 390 738 u’est
404 700 460 752 pas
479 687 569 735 moins
590 688 657 734 vrat'
674 701 723 754 que
743 685 813 736 celui
830 690 876 758 qui
888 704 906 737 a
918 685 989 738 ecrit
1002 703 1047 738 ces
1060 695 1133 740 mets

131 779 201 836 s'est
220 777 338 849 trompe‘.

197 925 257 992 Usi
278 925 375 1010 igitur
400 936 473 988 sunt
496 925 579 990 Cod.
609 925 759 990 Remensi
786 925 943 1010 Rigaltius
966 948 983 990 e
1006 927 1131 992 schedis

134 1029 312 1103 sirmondi,
338 1029 460 1092 Gudius
481 1027 573 1111 ipse,
589 1029 797 1106 Vincentius,
822 1029 909 1092 cuius
932 1029 1131 1094 collationem

133 1141 281 1195 aenimate
300 1131 488 1212 descriptam
512 1131 675 1194 contextui
695 1131 779 1196 Cod.
803 1130 970 1196 Pithoeani
993 1133 1134 1214 praemi.

134 1235 176 1296 sit
198 1228 341 1320 Berger,
367 1234 501 1318 denique
523 1234 702 1298 Brntierius
723 1256 740 1298 e
759 1234 880 1298 schedis
888 1231 1033 1298 'eiusdem
1049 1235 1133 1299 Vin·

133 1337 241 1400 centii.
279 1339 341 1400 Sed
356 1337 385 1398 iu
398 1337 446 1399 his
461 1339 608 1402 nonnulla
619 1349 710 1414 sunt,
727 1357 807 1420 quiae
818 1359 883 1402 non
895 1348 1004 1400 carent
1015 1359 1132 1420 repre·

133 1439 299 1502 honsione.
322 1441 407 1502 Ante
420 1440 520 1504 omnia
536 1441 788 1503 dolendum'saue
806 1451 854 1502 est
866 1443 1034 1505 obscuram
1046 1439 1130 1502 iliam

132 1553 165 1602 et
186 1541 218 1602 in
235 1561 408 1624 puerorum
425 1564 515 1605 usum
537 1543 704 1604 mutilatam
725 1541 904 1606 Editiouem
919 1541 1131 1608 Parisiensem

133 1646 219 1725 apud
230 1643 354 1719 viduam
364 1643 485 1708 Brocas
497 1642 576 1706 1713
589 1646 627 1705 ab
640 1666 678 1706 eo
690 1665 766 1724 prae
779 1644 908 1707 meliore
923 1644 1026 1728 aliqua
1041 1656 1073 1708 et
1082 1643 1131 1707 in-

130 1757 226 1829 tegra
240 1747 390 1808 delectam
403 1767 490 1822 esse,
508 1767 639 1830 quacum
653 1748 855 1809 contenderet
870 1745 1009 1810 codicem
1026 1767 1130 1812 ertum.

132 1849 220 1911 Hinc
240 1847 357 1911 fectum
379 1861 446 1923 est,
472 1859 523 1923 ut,
548 1871 642 1932 quum
667 1871 705 1910 ne
727 1849 852 1931 Berger
878 1848 1003 1933 quidem
1026 1847 1056 1937 in
1081 1848 1157 1923 Ιο-ἱ

132 1949 180 2012 eis
211 1951 318 2012 saltem
348 1949 550 2034 gravioribus
573 1951 745 2026 retulerit,
767 1957 932 2035 'quamnam
962 1951 1130 2014 lectionem

132 2053 327 2134 expresserit
348 2051 444 2114 editio
469 2051 521 2115 iila
547 2047 749 2130 parisiensis,
773 2075 833 2115 nec
847 2073 927 2116 vero
946 2053 1038 2116 uobis
1062 2073 1130 2116 eam

131 2157 300 2218 consulere
319 2154 467 2230 licuerit,
504 2157 682 2219 necessario
699 2155 812 2218 incerti
831 2155 987 2218 interdum
1004 2175 1129 2218 reman-

129 2257 263 2321 serimns
282 2259 320 2320 de
345 2257 483 2320 lectione
503 2256 565 2322 Cd.
588 2259 763 2321 Remeusis.
808 2259 979 2322 Praeterea
998 2279 1129 2340 eompa-

129 2369 199 2423 rata
219 2381 314 2444 quntum
335 2360 488 2422 varietate
514 2381 531 2421 a
562 2361 667 2424 Gudio
698 2369 845 2437 enotata,
880 2371 946 2422 tum
970 2359 1129 2424 simillimo

130 2461 254 2527 Codice
277 2461 474 2538 Pithoeano,
496 2461 634 2524 dubitari
657 2463 785 2546 nequit,
821 2461 895 2547 quin
921 2463 1005 2524 hnud
1029 2481 1129 2544 pauca

130 2567 202 2642 vel,
239 2565 313 2648 quia
342 2564 433 2627 nimis
466 2565 579 2628 vitiosa
618 2565 678 2628 sibi
711 2565 916 2641 viderentur,
954 2565 1013 2628 vel=
1037 2565 1130 2628 etiam

129 2664 280 2760 ἄβλεψίᾳ
303 2665 445 2730 omiserit
477 2670 588 2731 doctus
609 2667 663 2730 ille
686 2667 920 2731 Benedictinus.
979 2665 1130 2750 Exempli

129 2769 236 2855 gratia
267 2791 331 2834 non
357 2767 533 2852 reperimus
564 2769 596 2832 in
625 2769 786 2834 Vincentii
821 2769 950 2832 Schedis
978 2769 1131 2832 lectiones

128 2872 240 2938 Gaudio
260 2881 447 2935 memoratas
468 2873 545 2935 Lib.
568 2873 662 2960 Lu.
691 2874 743 2935 12.
767 2895 800 2935 v.
836 2874 888 2936 tt.
924 2871 1045 2946 Utillo3
1069 2874 1127 2948 15,

129 2979 165 3040 9.
189 2995 301 3050 senem
331 2977 391 3049 17,
425 2975 458 3037 3.
479 2997 557 3038 cum
582 2975 779 3050 mendaeem
814 2976 871 3050 18,
910 2975 942 3038 3.
979 2963 1129 3059 gemitus

127 3078 305 3153 concieus3
343 3079 401 3153 27,
436 3077 468 3139 3.
497 3080 737 3154 thensaurum,
770 3089 833 3141 cet.
877 3079 1049 3142 Praeterea
1071 3076 1129 3138 mi-

125 3201 186 3244 rae
203 3179 554 3264 negligentiae'culparn
575 3179 606 3242 in
625 3201 658 3242 se
684 3180 806 3243 admisit
827 3183 911 3244 haurd
932 3180 1129 3244 conferendo

126 3282 248 3346 codicis
266 3282 387 3344 initium
403 3303 503 3366 usque
522 3285 561 3345 ad
579 3283 655 3346 Lib.
681 3286 708 3346 1.
733 3285 814 3346 Fab.
839 3284 870 3346 2.
894 3305 927 3346 v.
950 3285 1002 3346 11.
1046 3285 1128 3350 Nam

127 3387 159 3448 in
193 3386 256 3448 hoc
283 3405 346 3448 non
374 3385 405 3446 in
426 3409 459 3448 v.
485 3386 555 3464 12.,
587 3397 622 3448 ut
651 3385 693 3448 ait
719 3387 832 3464 Adry,
865 3385 975 3467 incipit
997 3383 1131 3450 collatio
1173 3415 1175 3420 ·

126 3487 352 3550 Vincentiana.
396 3488 544 3551 Attamen
574 3510 590 3550 e
621 3488 764 3572 Rigattio
794 3499 826 3551 et
857 3487 981 3564 Gudio,
1010 3488 1125 3571 qtribus

124 3589 307 3653 Brotierius
325 3589 429 3664 iniis,
448 3611 527 3673 quae
545 3593 737 3672 praecedunt
754 3591 790 3666 I,
816 3593 852 3667 2,
879 3592 953 3666 tlt„
982 3609 1057 3652 usus
1076 3588 1126 3650 vi·

125 3693 240 3768 detur,
264 3693 471 3754 innotuerunt
496 3696 555 3754 hae
577 3714 633 3756 sex
656 3695 750 3756 Rem.
772 3693 834 3758 Cd.
858 3695 1030 3757 lectiones:
1105 3773 1109 3780 1

189 3796 330 3880 Prolog.
367 3817 401 3858 v.
433 3796 465 3858 3.
500 3798 562 3861 dos
598 3799 691 3876 (teste
724 3795 818 3881 uig.)
851 3798 933 3860 Fab.
969 3798 1008 3858 1.·
1034 3793 1124 3860 v-ss·

107 3898 234 3992 fiune
263 3898 419 3980 improbo
441 3901 532 3978 (teste
555 3899 648 3983 Rig.)
672 3921 701 3965 v.
724 3900 756 3962 7.
780 3899 895 3983 queris
917 3900 1009 3978 (teste
1037 3897 1122 3960 Gud.

121 4003 236 4086 sicque
260 3999 324 4066 Cd.
357 4001 461 4082 Pith.)
498 4003 584 4068 Fab.
608 4002 640 4064 2.
674 4025 709 4066 v.
749 4003 779 4065 1.
830 4001 896 4066 Hic
917 4004 1010 4079 (teste
1037 4001 1126 4074 Gud,
