2776 4718
999 367 1064 430 219·

46 512 179 574 donum
202 506 411 590 gratissimum
435 507 535 569 debeo
558 505 714 590 Riglero,
749 507 804 592 qui
828 527 947 569 mecum
970 529 1059 571 com·

46 609 233 674 manicavit
259 609 554 691 disputatiunculam
579 607 622 670 sic
645 609 846 692 inscriptam:
885 611 1063 675 Examina

45 713 248 802 Gymnosii
269 712 446 777 Cliviensis
469 709 530 778 VI.
554 723 586 773 et
608 715 687 776 VII.
712 725 791 775 ante
815 713 898 778 Idus
913 715 1064 795 Septem·

47 821 138 880 brec
161 813 466 879 MDCCCXXIX.
486 815 620 896 publice
642 813 762 878 indicit
785 804 967 878 Fridericus
996 819 1063 880 An-

45 919 170 984 tonius
186 915 316 1003 ssight,
340 919 474 980 scholae
486 917 649 982 director.
693 915 1066 982 Insuntcnnototioncs

48 1022 255 1086 maximam
283 1017 423 1102 partem
446 1019 584 1082 criticae
606 1020 642 1081 in
662 1028 783 1102 poetar
807 1021 966 1097 Latinos,
1001 1021 1059 1104 qui

48 1126 215 1188 minores
254 1134 432 1186 vocantur.
476 1122 663 1204 Appendix
700 1125 857 1210 syllogen
890 1123 1065 1206 continens

45 1226 400 1290 animaduersionum
421 1225 457 1287 in
478 1223 604 1287 librum
627 1225 833 1290 Manethonis
856 1229 1064 1308 Apotelesm.

49 1329 269 1394 recensetum.-
304 1329 626 1412 deniqnegcnncles
662 1331 809 1394 scholae.
870 1328 992 1392 Clivice
1021 1348 1068 1392 ex

48 1431 416 1521 ffcinu-Kochiona.
439 1431 504 1504 4⁰.;
540 1431 571 1492 in
595 1453 657 1515 qua
676 1453 735 1494 una
761 1450 831 1494 cum
848 1430 948 1496 amico
964 1431 1067 1496 Antio

48 1533 244 1616 complures
276 1531 445 1617 Pervigilii
478 1533 568 1595 locos
593 1535 686 1596 docte
708 1533 871 1597 tractavit.
916 1533 976 1596 His
1000 1519 1067 1594 mn-

47 1637 191 1701 neribus
214 1634 361 1717 acceptis
387 1635 418 1697 id
447 1633 567 1720 negotii
592 1634 709 1710 habui,
732 1645 777 1697 ¹ut
797 1647 978 1698 excuterem
1002 1635 1067 1698 edi·

47 1742 183 1814 tiones,
208 1757 288 1821 quae
305 1738 377 1799 inihi
394 1749 522 1819 praesto
539 1749 645 1812 crant,
671 1737 853 1818 Lipsianarn
868 1741 1066 1801 Electornm

48 1843 136 1908 Lib.
162 1842 190 1904 l.
214 1840 298 1924 Cap.
322 1842 355 1904 5.
400 1841 463 1903 Ed.
481 1843 641 1922 Antverp.
667 1839 761 1908 1611.
807 1839 1068 1903 salmasio-Scri·

51 1945 226 2008 verisnam
247 1943 277 2004 in
302 1943 346 2006 D.
373 1941 484 2006 Baudii
514 1943 701 2008 Amoribus
729 1944 854 2026 Lugdu
872 1943 946 2005 Bat.
972 1939 1066 2004 1638.

51 2051 125 2112 Ed.
157 2069 227 2108 crim
251 2056 407 2109 annotatt.
428 2045 550 2108 verior.
579 2045 846 2130 Regae-Comitis
869 2045 984 2122 1712,
1010 2043 1068 2108 Sa·

52 2149 266 2214 nedonianatu
297 2149 424 2230 (1729),
459 2148 704 2212 Bouhierianani
733 2149 844 2229 (1737)
874 2149 1068 2232 Gottingen·

51 2275 126 2317 sein
154 2251 228 2314 anni
252 2251 386 2326 1712.,4
406 2253 550 2336 qttem‘l.
571 2253 633 2316 ut.
659 2253 805 2314 Gesnero
830 2263 901 2336 sunt
932 2251 986 2336 qui
1008 2251 1068 2312 tri·

52 2360 180 2432 butant,
212 2354 525 2429 Wernsdortianain,
553 2353 825 2430 schulzianamt),
861 2354 1067 2417 Moebianarn

52 2457 192 2540 (1816),
226 2455 300 2520 Viri
327 2457 412 2521 docti
440 2455 799 2538 interpretationem
839 2451 953 2518 Wolfii
981 2457 1068 2518 Ana.
1117 2447 1122 2456 ’

52 2559 154 2625 lectis
177 2559 258 2623 Vol.
283 2561 314 2623 2.
339 2581 372 2641 p.
400 2561 495 2634 558.,
526 2558 823 2622 Lindemanninnam
848 2557 1068 2638 repetitionem

52 2667 88 2728 in
106 2661 243 2726 selectis
258 2685 276 2724 e
287 2663 398 2745 poetis
414 2660 549 2726 Latinis
563 2661 771 2726 carminibus
786 2655 907 2739 (tete).
933 2658 1068 2720 Minime

53 2780 166 2830 etitem
184 2787 264 2847 opus
280 2777 358 2841 erat,
376 2779 410 2827 ut
422 2787 529 2828 omnes
546 2777 576 2827 et
592 2763 792 2828 coniecturae
809 2761 839 2824 et
849 2782 976 2824 errores
985 2759 1066 2824 VV.

52 2871 141 2935 DD.
159 2879 433 2941 inemorarcntur3-
456 2869 512 2932 sed
534 2868 564 2930 in
582 2867 617 2930 iis
635 2866 777 2944 substiti,
803 2880 974 2954 quaerere
991 2884 1067 2926 con-

53 2975 152 3036 ferre
173 2969 358 3033 viderentur
384 2973 423 3032 ad
444 2955 589 3032 carminis
618 2969 757 3033 criticam
783 2951 1000 3031 tractationem
1032 2984 1069 3028 ac

54 3073 246 3138 necessario
259 3071 432 3156 significari
450 3075 623 3149 debebant,
649 3073 702 3136 uhi
724 3075 899 3135 abeundum
916 3071 1067 3134 duxeram

55 3181 100 3241 ab
141 3175 307 3239 sorborum
341 3175 426 3244 Cdd.
465 3175 673 3240 lectionibus:
718 3173 928 3244 recentiorum
964 3185 1067 3243 tamen

54 3291 139 3365 post
168 3277 444 3354 Wernsdorfium,
480 3277 620 3341 Schulzii
642 3279 844 3361 pracsertim,
880 3276 1007 3362 Rigleri
1037 3285 1068 3337 et
1150 3269 1156 3294 ¹

55 3381 159 3449 Axtii
177 3381 293 3444 'indicia
316 3381 418 3445 onmia
442 3381 546 3444 retuli.
601 3381 691 3461 Qttae
714 3403 754 3444 cx
776 3381 878 3444 altero
900 3393 975 3444 utro
999 3377 1068 3442 Co-

55 3489 134 3551 dice
158 3487 345 3572 deprompta
370 3485 432 3546 sint
454 3505 519 3548 mea
543 3484 573 3545 in
596 3467 797 3561 recensione,
832 3505 947 3566 perse
970 3495 1068 3564 appa'-

54 3601 113 3654 ret
137 3587 282 3669 inspecto
305 3587 467 3670 utriusque
491 3585 678 3668 exemplari.

116 3727 142 3787 ²³)
162 3731 249 3776 incerti
281 3733 393 3776 Auctoris
417 3732 574 3791 Pervigilium
603 3734 721 3786 Veneris,
753 3735 923 3778 commentario
954 3738 1068 3788 perpetuo

55 3807 226 3856 illustratum,
256 3803 380 3857 prooemio
407 3807 431 3845 et
455 3804 564 3846 lectionis
588 3804 701 3847 verietate
726 3805 876 3848 instructum.
923 3803 1067 3846 Dissertatio

54 3872 224 3933 philologice,
251 3885 335 3928 qoam,
362 3872 523 3916 consentiente
541 3873 688 3928 amplissimo
709 3873 904 3928 philosophorum
925 3873 1007 3916 ordine
1024 3885 1087 3927 pr«)¹

54 3945 178 3990 facultate
210 3940 302 4000 legendi
325 3941 363 3985 die
392 3940 464 3984 xxi.
484 3942 566 3986 Martii
591 3943 762 3988 Mttcccxtt.
783 3943 876 3997 publice
895 3942 1004 3987 detentet
1021 3941 1067 3986 Er·

55 4019 147 4060 nestus
165 4012 241 4056 Cous.
254 4009 391 4054 Fridericus
410 4009 523 4064 Schulze,
550 4013 824 4074 doctorphilosophire.
846 4012 987 4072 Gottingae,
1005 4012 1067 4066 typis

58 4087 81 4128 1.
107 4083 138 4126 G.
159 4082 244 4134 Beier,
265 4085 360 4136 typogr.
373 4080 456 4144 lacau.
478 4077 514 4126 l0.
