2816 4716
561 992 1074 1088 APPENDIX.

727 1197 912 1212 m

231 1295 270 1429 ι’
313 1288 557 1392 'pulsemur
592 1325 792 1392 cannen
828 1327 890 1390 nn
924 1321 1220 1388 Ponnnruuus
1255 1323 1318 1385 Er

697 1439 934 1504 Mnnsurus

714 1601 841 1642 -An

296 1701 495 1788 ,sturno
515 1703 751 1762 Anonnonro
772 1704 796 1760 n
817 1702 908 1761 eon.
930 1665 1052 1759 unnro
1066 1701 1105 1758 u.
1120 1699 1316 1758 vuuecru.

505 1807 703 1866 versinus
723 1805 855 1863 xxxo.
877 1803 1131 1864 surrnnruu.

381 1997 517 2058 Easdem
539 1996 608 2058 fere
630 2017 668 2058 ac
691 1995 897 2060 Germanicus
914 1993 1144 2057 vicissitudines
1167 1971 1314 2075 expertus
1391 1999 1392 2072 j

270 2107 274 2118 ’
318 2108 365 2160 eat
388 2098 561 2174 Prisciani,
594 2120 686 2180 quem
709 2101 834 2175 dieunt,
858 2098 982 2162 libellus
1006 2101 1045 2160 de
1066 2096 1262 2179 ponderibus
1284 2109 1314 2159 et

317 2200 489 2275 mensuris,
514 2223 610 2284 quum
627 2203 689 2265 hoe
711 2223 839 2286 qnoque
854 2223 913 2283 per
927 2201 1051 2264 scholas
1066 2212 1230 2262 uterentur
1248 2222 1313 2262 me·

317 2301 387 2364 diae
409 2303 519 2366 artatis
534 2304 695 2389 magistri,
721 2326 853 2390 eumque
869 2325 927 2368 suo
943 2305 1098 2366 arbitratu
1112 2295 1210 2367 modo
1224 2301 1312 2366 aliter

263 2407 266 2416 '
317 2405 542 2487 disponerent,
565 2411 660 2472 modo
676 2412 887 2472 decurtarent.
932 2407 1064 2471 Exstitit
1081 2429 1182 2488 nuper
1196 2408 1312 2470 doctis·

317 2509 412 2571 simus
434 2510 617 2596 philologus
640 2514 815 2598 Hungarus
838 2512 949 2594 Steph.
974 2511 1096 2574 Ladisl.
1121 2510 1310 2587 Endlicher,

317 2612 372 2696 qui
393 2635 462 2676 eum
486 2615 604 2680 eCod.
628 2616 781 2679 Bobiensi
803 2598 899 2700 longe
915 2615 1087 2678 auctiorem
1111 2617 1217 2676 ederet
1231 2614 1312 2677 Vin·

317 2719 463 2778 dobonae
502 2719 596 2782 1828.
654 2722 701 2782 At
729 2741 805 2782 casu
832 2719 950 2782 facturn
979 2730 1046 2793 est,
1083 2729 1118 2780 ut
1149 2717 1312 2802 ignoraret
1390 2701 1391 2776 1

316 2819 470 2882 XXXII.
495 2821 574 2885 alios
611 2823 650 2883 ab
677 2822 732 2900 iis,
772 2844 854 2909 quos
882 2822 951 2904 ipse
977 2833 1053 2904 post
1075 2821 1237 2886 Denisium
1259 2846 1310 2886 ae·

317 2923 455 2984 curatius
478 2925 584 3000 edidit,
611 2927 784 2990 versiculos
807 2937 878 2988 ante
910 2927 969 2988 hos
991 2923 1105 3008 viginti
1127 2948 1227 2990 annos
1248 2927 1312 3008 pri·

316 3047 399 3086 mum
422 3024 453 3086 in
477 3027 578 3090 lucem
601 3041 783 3110 protractos
806 3045 914 3093 essee
937 3027 1019 3094 Cod.
1035 3029 1142 3112 Regio
1159 3032 1202 3092 N.
1218 3032 1309 3093 tnta.

317 3128 390 3190 olim
415 3127 627 3208 Colbertino,
653 3134 808 3197 Gnidonis
823 3131 947 3198 Aretini
962 3131 1078 3213 scripta
1095 3132 1210 3196 musica
1225 3157 1309 3198 eorn-

315 3231 489 3312 plectente,
524 3256 542 3298 a
571 3239 667 3301 doato
701 3238 810 3314 Italo,
848 3235 986 3316 Aloysio
1008 3237 1215 3321 Angelonio,
1249 3240 1310 3301 hoe
1389 3235 1390 3312 ξ

314 3333 345 3397 in
368 3336 472 3399 libro:
1194 3331 1195 3336 ¹

379 3443 514 3534 „Sapra
536 3445 569 3506 la
591 3445 679 3522 vita,
704 3449 734 3509 le
752 3467 873 3528 opere,
904 3444 948 3524 ed
964 3444 989 3506 il
1008 3464 1129 3526 sapere
1147 3443 1183 3507 di
1204 3443 1309 3508 Guido

315 3542 344 3604 d’
364 3544 515 3638 Arezzo,
550 3559 784 3612 restauratore
811 3548 901 3609 della
932 3547 1070 3611 saienza
1098 3569 1115 3609 e
1138 3547 1213 3610 dezt’
1234 3559 1309 3610 arte

315 3648 446 3709 musica
452 3671 465 3720 ,·
486 3650 733 3716 dissertazione
753 3651 790 3713 di
806 3649 905 3735 Luigi
927 3649 1105 3733 Angelooi,
1130 3650 1308 3713 Frusinate.

314 3750 353 3812 Si
381 3749 399 3810 ἑ
429 3753 601 3836 aggiunta
627 3775 651 3814 a
671 3767 791 3838 questa
818 3753 1066 3816 dissertazione
1088 3775 1160 3816 una
1181 3755 1312 3816 novella

314 3853 469 3917 edizione
498 3855 548 3918 de'
572 3857 661 3918 versi
689 3857 789 3918 latini
815 3877 921 3938 sopra
948 3855 966 3918 ἱ
984 3855 1061 3937 pani
1091 3881 1108 3919 e
1131 3859 1161 3919 Ie
1184 3855 1309 3918 minure

291 4013 294 4020 ,
315 3955 365 4018 ‹Ie’
388 3957 535 4046 Romani
556 3981 574 4021 e
595 3959 632 4022 in
648 3971 752 4043 parte
773 3981 879 4024 aracor
900 3960 950 4024 de'
973 3952 1075 4026 Greci
1097 3961 1133 4026 di
1156 3961 1199 4043 Q.
1224 3961 1311 4024 Ren-
