2752 4718
294 353 356 417 ldd

293 493 356 572 rit,
381 493 549 557 mnxlmsns'
574 487 808 556 similitudinem
834 488 1032 554 intercedere
1053 511 1095 554 ex
1120 511 1181 556 nna
1203 501 1304 576 parte

293 599 377 662 inter
398 595 479 664 Cdd.
499 594 730 670 Basileensem‚
754 593 1020 678 Freibergensem
1036 607 1067 658 et
1083 592 1303 671 Siciliensem,

296 701 350 784 qni
372 703 435 762 dno
466 699 620 780 postremi
646 697 692 761 ita
713 699 746 762 in
768 697 915 762 omnibns
936 697 1004 760 lere
1026 699 1230 780 conspirant,
1268 711 1306 760 ut

294 803 322 868 si
343 802 453 868 Editio
475 801 623 884 princeps
645 821 798 884 expressa
814 813 896 862 esset
910 823 927 864 e
942 799 1188 886 Freibergensi‚
1213 801 1305 863 hand

295 907 426 972 muttum
449 903 592 968 differret
613 904 680 969 tota
702 903 768 966 eins
790 903 873 969 ratio
896 906 935 966 ab
958 925 1012 980 es,
1037 926 1130 990 quarn
1154 925 1243 966 nnnc
1264 905 1305 966 ad

296 1010 492 1075 Siciliensem
516 1019 627 1071 exacta
648 1028 775 1090 praese
796 1005 879 1080 fert3
903 1028 943 1070 ex
964 1007 1062 1070 altera
1085 1019 1185 1069 alitem
1200 1019 1304 1088 parte

296 1111 475 1176 consimiles
505 1132 574 1174 esse
602 1110 633 1172 in
654 1109 814 1194 plerisque
841 1109 925 1174 Cdd.
955 1111 1003 1185 B,
1027 1111 1076 1186 E,
1108 1111 1152 1174 G.
1175 1110 1307 1180 seilicet

179 1250 181 1263 ·
295 1217 394 1302 longe
420 1213 630 1300 integriores,
662 1213 721 1276 nisi
745 1215 833 1298 qnod
857 1225 966 1276 carent
997 1211 1207 1298 Prognostic.
1248 1213 1303 1276 11.

295 1337 350 1386 vr.
381 1321 453 1380 1—
469 1319 523 1380 50.
553 1339 570 1380 a
599 1315 775 1380 Basileensi
803 1329 834 1379 et
857 1317 1022 1380 Pnteaneo
1049 1315 1203 1378 servatis:
1232 1327 1305 1378 tum

296 1431 416 1504 septem
426 1419 493 1482 aliis
502 1417 677 1496 versiculis,
693 1440 775 1502 qrros
786 1441 803 1480 e
816 1419 989 1482 Basileensi
1003 1418 1121 1501 primus
1132 1418 1303 1500 protraxi.

360 1525 520 1587 Internam
554 1533 656 1584 aritern
688 1521 827 1586 indolem
864 1521 1063 1606 singulorum
1101 1521 1183 1584 hane
1228 1542 1305 1584 esse
1361 1589 1364 1601 ‚

295 1611 460 1713 perspexi.
505 1627 624 1689 Tottrm
649 1624 794 1690 lectionis
820 1647 919 1709 genus
951 1625 1004 1687 ubi
1031 1636 1176 1706 spectes,
1211 1623 1306 1705 opti·

296 1749 379 1796 marn
400 1730 484 1793 inter
506 1749 615 1791 omnes
637 1730 792 1809 praebent
815 1729 898 1791 Get
921 1729 968 1792 E:
998 1727 1095 1790 immo
1116 1738 1188 1790 sunt
1207 1726 1304 1804 loci,

296 1831 353 1898 ubi
379 1829 540 1896 recentior
570 1833 599 1893 E
629 1827 782 1894 devitavit
804 1851 931 1910 errores
955 1830 1017 1896 cd.
1042 1831 1105 1906 G.;
1139 1849 1206 1892 cum
1233 1851 1305 1913 quo

295 1935 369 2020 ipso
397 1935 428 1998 in
456 1932 602 2016 plbribus
631 1933 723 1996 etiarn
753 1955 845 2018 qnam
868 1936 897 1998 E
919 1933 1026 1996 facere
1048 1934 1129 1996 solet
1151 1933 1200 2006 B;
1239 1931 1307 1995 nisi

297 2040 388 2124 quod
418 2035 536 2100 alicubi
563 2035 594 2097 in
622 2035 776 2108 Bernensi
804 2035 1008 2118 reperiuntur
1035 2033 1305 2117 interpolationes

297 2143 338 2204 ab
355 2139 483 2203 homine
500 2139 680 2201 ,semidocta
700 2139 889 2218 profectae,
901 2139 1027 2223 ‘quibus
1045 2137 1138 2200 liberi
1158 2148 1231 2200 sunt
1248 2139 1301 2213 G,

296 2243 342 2308 E·
392 2239 488 2306 Initio
516 2252 619 2302 autern
649 2239 882 2305 Grammrtieue
904 2239 1019 2324 eliqnis
1043 2241 1077 2302 in
1100 2240 1304 2324 perlegendo

291 2343 385 2410 eod.
408 2344 451 2411 B.
474 2353 546 2407 ante
568 2343 680 2406 oculos
701 2343 811 2408 babuit
833 2342 987 2408 Codieem
1003 2343 1131 2406 alterins
1146 2341 1303 2420 familiare

290 2447 386 2512 cuins
408 2446 594 2511 varietatem
616 2455 714 2532 qunm
737 2459 868 2512 enotare
883 2449 1060 2530 coepisset,
1086 2448 1126 2510 ab
1135 2468 1179 2508 ea
1197 2451 1305 2527 opera'

295 2550 499 2636 exsequenda
528 2549 618 2612 nimis
640 2551 705 2614 cito
727 2551 897 2614 deterritus
918 2563 965 2614 est
988 2550 1095 2613 nescio
1119 2571 1185 2634 quo
1205 2548 1303 2612 lasti-

247 2675 250 2682 ’
289 2653 365 2718 dio.
410 2653 473 2717 Cd.
499 2653 687 2716 Basileensis
707 2655 747 2716 ab
771 2653 923 2736 imperito
945 2654 1049 2718 scriba
1078 2665 1226 2716 exaratus
1252 2653 1304 2716 in-

296 2757 501 2821 credibilibus
513 2768 620 2841 ntqne
645 2756 924 2847 innumerabilibus
944 2757 1032 2842 'vitiis
1048 2755 1181 2826 obsitus
1202 2765 1304 2840 atque

297 2856 521 2924 omissionibus
542 2859 636 2924 foede
658 2861 867 2942 deturpatus,
900 2871 1004 2924 temen
1021 2860 1119 2922 'solus
1140 2858 1304 2922 interdum

294 2972 352 3024 aut
372 2963 470 3044 ipsam
494 2983 600 3024 veram
619 2953 791 3024 lectionem
815 2975 868 3024 ant
887 2945 1049 3026 'manifesta
1074 2961 1141 3024 eius
1163 2960 1304 3044 vestigia

294 3063 459 3138 servavit,
483 3064 537 3126 nbi
558 3063 589 3126 in
613 3063 697 3147 Cdd.
722 3065 770 3140 B,
795 3067 844 3140 E,
870 3067 900 3130 G
923 3065 990 3129 sive
1004 3045 1304 3148 potinseorundem

294 3167 470 3247 archetypo
494 3167 545 3229 vel
565 3187 643 3228 casn
665 3166 833 3230 obliterata
852 3166 908 3231 ‘vel
930 3169 1076 3234 consulto
1099 3170 1138 3230 ab
1156 3167 1303 3248 interpo-
1354 3221 1356 3228 ,

295 3267 401 3330 latore
424 3267 600 3333 deformata
630 3281 691 3332 est.
742 3271 845 3334 Huius
866 3271 965 3354 igitur
987 3293 1049 3355 ope
1070 3272 1156 3334 hand
1176 3291 1301 3352 pancos

295 3372 413 3453 poetae
427 3355 519 3435 locos
536 3393 617 3432 nune
633 3373 755 3436 demum
767 3372 799 3436 in
815 3374 971 3459 integrum
984 3375 1147 3438 restitutos
1162 3374 1301 3436 videbis.

359 3472 427 3536 lem
449 3495 545 3556 qurum
567 3474 716 3540 librarius
739 3478 906 3560 archetypi
927 3477 1029 3554 illius,
1067 3498 1086 3540 e
1109 3497 1173 3560 quo
1195 3476 1303 3540 fluxe·

187 3566 193 3576 ⁸
293 3579 370 3639 rnnt
387 3587 423 3638 et
444 3575 706 3660 Freibergensis,
739 3601 948 3666 quaecunque
976 3581 1097 3643 demum
1128 3579 1219 3642 nnius
1250 3591 1304 3643 est

292 3677 440 3762 erigone
455 3679 555 3760 patria
571 3679 730 3762 primaria,
747 3694 778 3745 et
792 3683 976 3760 Siciliensis,
994 3683 1193 3746 exscriberet
1207 3685 1301 3746 codi-

292 3800 362 3844 cem
376 3781 684 3866 aliquem’rnanenrn,
709 3785 1188 3860 sedsimillimnm-Basileensis,
1212 3786 1301 3848 vitiis

225 3962 230 3968 Ι
294 3881 450 3948 interdum
470 3884 588 3948 mederi
614 3897 766 3964 conatus,
789 3889 976 3975 plerumque
992 3885 1116 3972 turpem
1128 3895 1198 3952 'nese
1212 3891 1303 3952 dedit

294 3985 458 4071 magisque
487 3987 579 4054 etiam
599 3984 781 4073 corrupit,'
803 4013 896 4077 qnam
925 3993 1104 4059 emendavit
1129 3991 1300 4074 scriptoris
