2776 4718
317 311 386 377 2⁰8

318 457 390 518 Ver
412 452 474 518 crit
495 451 636 516 hibernis
658 459 760 514 totum
783 453 980 520 exsecrabile
1002 453 1115 520 nimbis

318 559 362 622 Et
383 561 500 620 crebro
521 556 644 619 tonitru
665 554 790 640 ningen
813 555 960 622 florentia
982 579 1059 622 rura
1176 617 1177 624 ,
1266 560 1335 622 110

318 663 463 744 Spesque
484 679 589 724 novae
611 659 728 742 segetis
750 659 933 744 quatientur
954 658 1117 746 grandinis
1137 659 1215 724 ictu.

317 766 438 830 Uretur
459 763 601 838 caelum,
626 756 731 846 magui
753 783 848 846 quum
872 783 974 847 regna
996 763 1154 828 Tonantis
1211 788 1214 800 ¹

317 865 506 950 Ingrediens
530 865 666 946 Pecudis
688 866 908 930 conscenderit
930 887 1026 929 aures
1047 879 1155 956 terga.

317 971 402 1036 Hinc
422 979 455 1032 et
475 968 642 1053 Agenorei
663 967 823 1031 stellantia
844 989 966 1032 cornua
990 970 1110 1048 Tauri,

318 1073 445 1156 Quidve
464 1073 571 1138 ferant
587 1070 728 1148 Gemini,
753 1070 868 1153 rapido
883 1073 959 1156 quid
972 1071 1076 1136 sidere
1093 1071 1237 1150 Cancer,
1266 1075 1330 1137 115

318 1179 354 1242 Si
376 1177 500 1261 penitus
523 1195 678 1259 quaeres:
705 1175 846 1238 Taurum
870 1175 994 1238 saevire
1015 1175 1138 1240 videbis

318 1280 503 1356 Grandine,
527 1299 588 1342 nec
608 1289 718 1342 contra
740 1276 822 1340 ferri
843 1277 967 1342 ratione
988 1280 1155 1360 probanda

317 1387 385 1450 Aut
408 1383 567 1449 Cancrum
589 1392 643 1444 aut
665 1380 839 1444 Geminosz
858 1369 982 1444 ¹calidus
1006 1381 1140 1467 vestigia
1161 1396 1273 1446 servat

316 1487 422 1561 Hinc,
446 1506 510 1570 quo
533 1485 646 1559 ducta,
669 1484 743 1547 Leo
764 1482 931 1568 saevisque
952 1485 1113 1550 caloribus
1135 1489 1235 1550 ardet.

319 1590 464 1670 Flatibus
488 1598 520 1652 at
542 1587 653 1672 gelidis
677 1585 788 1649 miscet
808 1585 979 1673 tranquilla
1001 1589 1123 1652 severis
1264 1593 1330 1653 150

318 1693 479 1776 Spiciicrd
499 1691 571 1756 Dea
593 1701 669 1755 nota
691 1711 804 1765 manu3
826 1711 886 1754 nec
907 1690 1011 1754 Libra
1033 1692 1162 1756 metenti

316 1795 476 1866 Dissentit
497 1794 609 1869 divaea
632 1794 706 1869 sed,
730 1802 767 1855 ut
784 1793 884 1870 haec,
908 1805 1041 1858 ventura
1062 1815 1175 1860 serena

265 1979 268 1988 Ι
315 1899 471 1974 Nuntiat;
494 1907 526 1960 at
548 1896 650 1960 ventis
671 1905 775 1960 cessat
795 1917 900 1974 mare,
925 1908 1028 1962 cessat
1047 1909 1081 1962 ct
1101 1899 1171 1963 aiir.
1247 1911 1250 1918 '

316 2109 416 2150 moneat
434 2115 527 2164 qunque
539 2096 693 2145 discerePb.
712 2099 778 2156 seg.
799 2119 832 2132 ·-·
851 2096 961 2156 Tempus
976 2103 1000 2145 ei
1012 2113 1105 2146 occasu
1120 2108 1218 2147 moneat
1227 2135 1235 2158 ,
1257 2117 1325 2164 quas

214 2187 216 2192 ·
316 2175 415 2220 discere
436 2170 481 2216 et.
502 2172 629 2216 durissima
655 2169 851 2222 consecutione,
881 2171 934 2218 scil.
959 2171 1084 2227 „Tempus
1104 2173 1197 2217 discere
1215 2177 1238 2218 et
1265 2189 1327 2233 qnae

316 2248 413 2289 moneat
427 2253 514 2286 occasu
530 2239 650 2284 Phoebi.”
667 2239 695 2284 ds
713 2251 737 2297 g.
757 2238 820 2282 coni.
840 2238 865 2283 b.
885 2237 991 2284 -Iam
1012 2240 1073 2300 quid
1092 2241 1127 2286 ad
1143 2255 1252 2288 occasus
1271 2259 1324 2288 mo-

316 2319 375 2360 neat
396 2325 488 2373 pinoque
508 2309 600 2355 discito
616 2307 708 2354 Phoebi
725 2321 747 2356 s.
770 2308 834 2352 coni,
888 2307 966 2354 Aliter
983 2317 1068 2356 rursus
1089 2313 1114 2356 in
1129 2313 1212 2368 Add,
1233 2319 1260 2358 et
1278 2317 1323 2358 mi·
1383 2311 1384 2349 l

316 2397 360 2429 nns
376 2388 456 2428 recte:
487 2380 604 2425 exoritur
627 2377 719 2424 inundo
737 2373 867 2437 Cyllenius
888 2379 969 2440 ignis.
1012 2377 1079 2442 Quid
1093 2378 1197 2440 sederet
1209 2385 1325 2441 primam
1382 2413 1383 2424 ,

315 2453 388 2498 modo
406 2450 436 2511 (i
455 2451 596 2496 volebatue:
617 2447 718 2500 doeniit
745 2461 803 2492 cam
817 2449 911 2501 ininius
928 2449 1011 2494 Solis:
1037 2450 1148 2510 Tempus
1171 2459 1195 2496 et
1215 2467 1324 2498 occasus
1382 2429 1383 2463 i

315 2528 414 2568 moneat
439 2535 532 2584 quoque
559 2517 657 2565 discere'
686 2517 786 2563 Pboebi.
824 2515 896 2576 (139)
920 2540 950 2556 -·
976 2517 1090 2566 Venerit
1107 2519 1222 2567 bibernis
1238 2525 1271 2568 A.
1293 2545 1322 2556 -
1381 2521 1382 2577 1

316 2591 368 2639 Vix
386 2593 435 2638 erit
451 2591 477 2637 d.
497 2593 527 2638 F.
564 2589 649 2644 tlbtd.)
667 2585 836 2647 exsecrabile]
852 2591 897 2648 Ag.
919 2599 952 2633 τ.
972 2591 1119 2636 execrabile
1131 2593 1191 2638 Psb.
1211 2617 1245 2626 -
1263 2607 1323 2636 exe-

315 2664 406 2710 crabile
420 2663 467 2708 F,
498 2657 629 2720 (110)--
647 2665 745 2704 tonetru
769 2659 799 2702 A.
847 2659 930 2715 (ibid.)
948 2659 1046 2720 ninget]
1067 2663 1095 2706 de
1112 2673 1138 2722 g.
1158 2667 1222 2708 coni.
1242 2664 1268 2707 b.
1289 2685 1322 2697 -
1380 2627 1381 2693 1

315 2736 404 2795 iunget
429 2733 531 2792 AFPgs.
579 2727 651 2786 (111)
670 2753 704 2794 7—-
722 2727 784 2786 Spes
802 2742 866 2787 puae
885 2755 894 2764 -
913 2755 923 2764 ·
942 2731 1103 2789 qnantientur
1120 2732 1151 2776 A.
1196 2729 1273 2791 (142)
1290 2757 1322 2766 -
1379 2727 1380 2807 1

316 2803 471 2864 uranturque
496 2799 659 2866 eaelumagni
685 2795 742 2854 (sic)
760 2798 791 2842 A.
828 2795 900 2854 (113)
916 2799 1020 2856 pecudis
1039 2798 1216 2847 conscindet-it
1231 2799 1322 2860 aurea]

315 2876 355 2920 Sic
371 2875 401 2918 A.
423 2872 522 2918 firmans
546 2885 567 2917 s.
594 2871 770 2924 coniecturam,
800 2883 859 2928 quse
885 2871 1043 2914 audacissime
1063 2872 1143 2916 videri
1166 2877 1270 2928 peterat.
1286 2893 1323 2906 ·-
1378 2835 1379 2921 1

311 2943 419 3004 pecudis
436 2941 581 3004 ingreditur
599 2953 678 2984 aurea
692 2939 760 2996 aeg.
778 2959 813 2976 a·
827 2931 934 2998 pecudis
956 2939 1022 2984 redit
1038 2941 1140 2986 intrans
1157 2953 1237 2986 aurea
1249 2943 1279 2988 de
1293 2955 1319 2999 ς.
1377 2949 1378 3036 1

315 3015 379 3060 coni.
399 3013 423 3060 b.
460 3010 531 3068 (114)
552 3031 582 3044 ·-
602 3010 726 3069 agenorei
740 3009 776 3053 Ρ.»
788 3030 818 3042 ·-
837 3009 965 3054 antenorei
978 3010 1023 3064 Α..
1043 3012 1254 3057 sedcorreetnms
1269 3023 1320 3056 sec.

314 3095 396 3128 manu.
431 3075 509 3142 (1⁴5)
534 3080 664 3125 Fortasse:
696 3077 794 3124 rabido.
813 3103 847 3114 -
865 3078 958 3140 erdere
983 3079 1013 3124 Ρ.
1050 3077 1128 3143 (146)
1145 3077 1262 3142 quaeres]
1280 3083 1320 3126 sie
1375 3057 1377 3156 1

315 3153 401 3207 scripsi
419 3165 449 3196 ex
470 3151 515 3195 Cd.
542 3150 572 3196 A.
604 3149 751 3204 corruptele.
784 3169 814 3182 -
843 3160 951 3209 quaeres
969 3150 1064 3209 negeb.
1082 3175 1117 3186 -
1131 3153 1258 3212 penitcap.
1275 3163 1318 3195 res
1374 3161 1376 3266 1

314 3222 370 3276 (sic)
389 3220 419 3264 A.
457 3217 530 3279 (tit)
548 3217 694 3273 Grandine,
714 3215 760 3262 n'ec
775 3217 874 3278 eontra]
893 3219 987 3278 regen.
1008 3243 1042 3254 -
1061 3218 1319 3266 Grandine-miscen-

314 3295 356 3337 (να
376 3303 497 3346 superscr.
520 3290 544 3344 i,
572 3294 598 3332 ut
618 3290 667 3335 sit:
688 3311 721 3322 -
746 3288 894 3333 nititcontra
907 3289 935 3334 A.
971 3287 1043 3345 (148)
1062 3287 1188 3337 cancrum
1206 3289 1317 3336 anesse-

313 3358 408 3419 minos]
427 3361 455 3404 de
471 3371 496 3418 g.
523 3359 587 3404 coni.
609 3358 647 3403 sb.
667 3382 700 3393 -
718 3371 812 3404 cancro
833 3363 878 3402 aut
894 3359 1006 3419 geminis
1026 3361 1115 3420 serg.
1164 3359 1234 3418 (119)
1251 3359 1318 3405 Hine

313 3443 361 3491 pua
380 3427 466 3488 ducta]
486 3429 525 3474 Sic
547 3429 642 3482 scripsi.
665 3449 694 3461 -
713 3425 781 3473 Hinc
802 3442 849 3488 quo
866 3427 934 3472 dicta
952 3431 981 3474 A.
1001 3453 1034 3464 -
1052 3429 1101 3474 Hie
1123 3445 1170 3490 qno
1190 3431 1257 3477 dieta
1271 3431 1317 3489 eg.

314 3523 347 3536 -
365 3499 415 3546 Hic
435 3511 528 3559 quoque
545 3497 613 3542 dieta
634 3500 664 3543 Ρ.
683 3523 716 3538 -ν
735 3496 804 3542 Haec
822 3512 885 3558 quae
905 3497 974 3544 dicta
991 3501 1020 3545 de
1037 3513 1063 3559 g,
1084 3503 1149 3549 coni.
1174 3502 1211 3546 sb.
1248 3497 1318 3556 (150)

313 3571 354 3616 Sic
378 3569 474 3626 scripsi.
494 3591 528 3603 --
544 3567 632 3612 Elatus
652 3567 710 3628 (sic)
732 3567 860 3629 adgelidis
881 3570 970 3614 miscet
993 3571 1132 3630 tranquilla
1153 3571 1262 3616 serenis.
1286 3570 1316 3614 A.

313 3642 361 3686 Sed
379 3640 510 3699 requiritur
531 3639 687 3692 vocabulum,
717 3641 779 3696 quod
796 3643 931 3696 opponatur
953 3641 1143 3700 v.tranqui11a.
1193 3642 1244 3686 lloc
1263 3645 1317 3696 puts

312 3711 388 3756 inisse
420 3709 534 3763 severia·
569 3709 706 3764 Lucretiani
737 3709 802 3753 illius
832 3721 941 3757 ruensort
984 3706 1126 3770 pelagepue
1155 3723 1253 3756 severa.
1285 3727 1320 3745 -·

312 3780 400 3825 Fletus
419 3779 574 3840 trigeminis
596 3780 684 3822 miscet
710 3779 848 3838 tranquilla
877 3779 976 3828 serenis
1000 3780 1067 3839 seg.
1098 3803 1133 3814 -
1161 3779 1275 3826 Flatibus
1294 3784 1320 3824 at

249 3903 251 3916 Ι
293 3838 416 3896 ‘Gemini
435 3851 542 3894 miscent
566 3849 704 3908 tranquilla
724 3849 811 3892 sereni
827 3851 854 3893 de
870 3862 895 3906 g.
919 3849 982 3894 reni.
1003 3849 1027 3897 b.
1074 3851 1181 3909 ltemqne
1200 3865 1240 3904 s.,
1261 3853 1317 3895 sed:

314 3922 422 3965 serenis.
441 3934 466 3980 g.
489 3925 569 3964 autem
585 3925 660 3963 totum
675 3932 739 3962 vers.
759 3931 803 3973 pro
822 3919 948 3964 subditicio
970 3918 1065 3977 habuit,
1086 3921 1188 3978 quiade
1211 3921 1320 3966 Geminis

313 3992 392 4046 inepte
411 3992 489 4036 denuo
506 3990 580 4036 verba
606 3989 693 4036 fecisse
712 3989 910 4045 interpolatorem
929 3990 1035 4046 pdtsbst.
1081 3990 1149 4036 Nunc
1167 3997 1269 4048 apparet
1287 4003 1320 4038 »u
