<?xml version="1.0" encoding="UTF-8"?>
<!DOCTYPE html PUBLIC "-//W3C//DTD XHTML 1.0 Transitional//EN"
    "http://www.w3.org/TR/xhtml1/DTD/xhtml1-transitional.dtd">
<html xmlns="http://www.w3.org/1999/xhtml" xml:lang="en" lang="en">
 <head>
  <title>
</title>
<meta http-equiv="Content-Type" content="text/html;charset=utf-8" />
  <meta name='ocr-system' content='tesseract 3.04.00' />
  <meta name='ocr-capabilities' content='ocr_page ocr_carea ocr_par ocr_line ocrx_word'/>
</head>
<body>
  <div class='ocr_page' id='page_1' title='image "./phaedriaugliber00phaegoog_0242.png"; bbox 0 0 2816 4716; ppageno 0'>
   <div class='ocr_carea' id='block_1_1' title="bbox 1028 307 1089 394">
    <p class='ocr_par' dir='ltr' id='par_1_1' title="bbox 1028 307 1089 394">
     <span class='ocr_line' id='line_1_1' title="bbox 1028 307 1089 394; baseline 0 -3"><span class='ocrx_word' id='word_1_1' title='bbox 1028 307 1089 394; x_wconf 74' lang='lat' dir='ltr'>isi</span> 
     </span>
    </p>
   </div>
   <div class='ocr_carea' id='block_1_2' title="bbox 81 469 1087 602">
    <p class='ocr_par' dir='ltr' id='par_1_2' title="bbox 81 469 1087 602">
     <span class='ocr_line' id='line_1_2' title="bbox 81 469 1086 536; baseline 0.002 -18"><span class='ocrx_word' id='word_1_2' title='bbox 81 475 119 518; x_wconf 84' lang='lat' dir='ltr'>sie</span> <span class='ocrx_word' id='word_1_3' title='bbox 139 471 256 528; x_wconf 82' lang='lat' dir='ltr'>exptieet:</span> <span class='ocrx_word' id='word_1_4' title='bbox 278 485 393 531; x_wconf 81' lang='lat' dir='ltr'>rumpere</span> <span class='ocrx_word' id='word_1_5' title='bbox 404 473 498 536; x_wconf 79' lang='lat' dir='ltr'>florum</span> <span class='ocrx_word' id='word_1_6' title='bbox 517 480 606 519; x_wconf 77' lang='lat' dir='ltr'>certem</span> <span class='ocrx_word' id='word_1_7' title='bbox 623 469 812 534; x_wconf 74' lang='lat' dir='ltr'><strong>breviloquentia</strong></span> <span class='ocrx_word' id='word_1_8' title='bbox 831 476 917 521; x_wconf 83' lang='lat' dir='ltr'>dietum</span> <span class='ocrx_word' id='word_1_9' title='bbox 936 480 973 520; x_wconf 90' lang='lat' dir='ltr'>est</span> <span class='ocrx_word' id='word_1_10' title='bbox 993 477 1086 533; x_wconf 90' lang='lat' dir='ltr'>utrique</span> 
     </span>
     <span class='ocr_line' id='line_1_3' title="bbox 81 545 1087 602; baseline 0.002 -16"><span class='ocrx_word' id='word_1_11' title='bbox 81 545 232 601; x_wconf 69' lang='lat' dir='ltr'>antiquitatis</span> <span class='ocrx_word' id='word_1_12' title='bbox 250 545 338 599; x_wconf 83' lang='lat' dir='ltr'>populo</span> <span class='ocrx_word' id='word_1_13' title='bbox 357 545 511 588; x_wconf 72' lang='lat' dir='ltr'>usitatissime</span> <span class='ocrx_word' id='word_1_14' title='bbox 534 545 589 598; x_wconf 87' lang='lat' dir='ltr'>itin,</span> <span class='ocrx_word' id='word_1_15' title='bbox 621 559 680 602; x_wconf 79' lang='lat' dir='ltr'>quae</span> <span class='ocrx_word' id='word_1_16' title='bbox 699 547 761 591; x_wconf 90' lang='lat' dir='ltr'>idern</span> <span class='ocrx_word' id='word_1_17' title='bbox 780 546 856 600; x_wconf 76' lang='lat' dir='ltr'>vaiet,</span> <span class='ocrx_word' id='word_1_18' title='bbox 883 547 948 590; x_wconf 70' lang='lat' dir='ltr'>eo‘si</span> <span class='ocrx_word' id='word_1_19' title='bbox 973 547 1087 602; x_wconf 86' lang='lat' dir='ltr'>scripturn</span> 
     </span>
    </p>
   </div>
   <div class='ocr_carea' id='block_1_3' title="bbox 80 611 1183 676">
    <p class='ocr_par' dir='ltr' id='par_1_3' title="bbox 80 611 1183 676">
     <span class='ocr_line' id='line_1_4' title="bbox 80 611 1183 676; baseline 0.001 -19"><span class='ocrx_word' id='word_1_20' title='bbox 80 619 149 658; x_wconf 89' lang='lat' dir='ltr'>esset</span> <span class='ocrx_word' id='word_1_21' title='bbox 171 611 318 671; x_wconf 85' lang='lat' dir='ltr'>rumpendis</span> <span class='ocrx_word' id='word_1_22' title='bbox 334 613 443 676; x_wconf 77' lang='lat' dir='ltr'>floribus</span> <span class='ocrx_word' id='word_1_23' title='bbox 462 611 662 672; x_wconf 79' lang='lat' dir='ltr'>furers&#39;rostsm</span> <span class='ocrx_word' id='word_1_24' title='bbox 690 617 706 660; x_wconf 95' lang='lat' dir='ltr'>i.</span> <span class='ocrx_word' id='word_1_25' title='bbox 738 626 760 660; x_wconf 86' lang='lat' dir='ltr'>e.</span> <span class='ocrx_word' id='word_1_26' title='bbox 783 616 920 670; x_wconf 87' lang='lat' dir='ltr'>rumpendis</span> <span class='ocrx_word' id='word_1_27' title='bbox 941 614 1027 659; x_wconf 88' lang='lat' dir='ltr'>florum</span> <span class='ocrx_word' id='word_1_28' title='bbox 1049 629 1087 658; x_wconf 74' lang='lat' dir='ltr'>ou·</span> <span class='ocrx_word' id='word_1_29' title='bbox 1170 656 1183 666; x_wconf 79' lang='grc'><strong><em>,</em></strong></span> 
     </span>
    </p>
   </div>
   <div class='ocr_carea' id='block_1_4' title="bbox 75 683 1109 2440">
    <p class='ocr_par' dir='ltr' id='par_1_4' title="bbox 75 683 1109 2430">
     <span class='ocr_line' id='line_1_5' title="bbox 79 683 1109 738; baseline 0.002 -12"><span class='ocrx_word' id='word_1_30' title='bbox 79 683 177 736; x_wconf 79' lang='lat' dir='ltr'>tyetbns</span> <span class='ocrx_word' id='word_1_31' title='bbox 196 685 329 736; x_wconf 74' lang='lat' dir='ltr'>expandere</span> <span class='ocrx_word' id='word_1_32' title='bbox 355 697 398 738; x_wconf 89' lang='lat' dir='ltr'>per</span> <span class='ocrx_word' id='word_1_33' title='bbox 419 689 507 729; x_wconf 78' lang='lat' dir='ltr'>teri-nn</span> <span class='ocrx_word' id='word_1_34' title='bbox 528 689 619 728; x_wconf 77' lang='lat' dir='ltr'>vestem</span> <span class='ocrx_word' id='word_1_35' title='bbox 640 683 784 730; x_wconf 79' lang='lat' dir='ltr'>iioridern.”</span> <span class='ocrx_word' id='word_1_36' title='bbox 815 687 910 730; x_wconf 79' lang='lat' dir='ltr'>Verum</span> <span class='ocrx_word' id='word_1_37' title='bbox 928 685 1025 738; x_wconf 86' lang='lat' dir='ltr'>dubito,</span> <span class='ocrx_word' id='word_1_38' title='bbox 1046 699 1087 728; x_wconf 83' lang='lat' dir='ltr'>su·</span> <span class='ocrx_word' id='word_1_39' title='bbox 1108 725 1109 728; x_wconf 75' lang='grc'>,</span> 
     </span>
     <span class='ocr_line' id='line_1_6' title="bbox 76 753 1087 809; baseline 0.002 -13"><span class='ocrx_word' id='word_1_40' title='bbox 76 767 127 796; x_wconf 90' lang='lat' dir='ltr'>nou</span> <span class='ocrx_word' id='word_1_41' title='bbox 147 753 366 808; x_wconf 68' lang='lat' dir='ltr'>interemtionis,</span> <span class='ocrx_word' id='word_1_42' title='bbox 398 755 442 797; x_wconf 87' lang='lat' dir='ltr'>etsi</span> <span class='ocrx_word' id='word_1_43' title='bbox 461 756 489 796; x_wconf 81' lang='lat' dir='ltr'>nd</span> <span class='ocrx_word' id='word_1_44' title='bbox 514 755 637 798; x_wconf 72' lang='lat' dir='ltr'>veritatem</span> <span class='ocrx_word' id='word_1_45' title='bbox 657 758 764 809; x_wconf 80' lang='lat' dir='ltr'>proxime</span> <span class='ocrx_word' id='word_1_46' title='bbox 783 757 887 808; x_wconf 80' lang='lat' dir='ltr'>secedit,</span> <span class='ocrx_word' id='word_1_47' title='bbox 916 759 994 798; x_wconf 80' lang='lat' dir='ltr'>temen</span> <span class='ocrx_word' id='word_1_48' title='bbox 1016 755 1087 798; x_wconf 88' lang='lat' dir='ltr'>nirnis</span> 
     </span>
     <span class='ocr_line' id='line_1_7' title="bbox 78 823 1086 879; baseline 0.002 -13"><span class='ocrx_word' id='word_1_49' title='bbox 78 825 111 866; x_wconf 93' lang='lat' dir='ltr'>sit</span> <span class='ocrx_word' id='word_1_50' title='bbox 128 824 246 879; x_wconf 74' lang='lat' dir='ltr'>quaesitu.</span> <span class='ocrx_word' id='word_1_51' title='bbox 292 823 442 878; x_wconf 76' lang='lat' dir='ltr'>Simplicius,</span> <span class='ocrx_word' id='word_1_52' title='bbox 466 829 491 867; x_wconf 91' lang='lat' dir='ltr'>ut</span> <span class='ocrx_word' id='word_1_53' title='bbox 505 826 611 878; x_wconf 88' lang='lat' dir='ltr'>opinor,</span> <span class='ocrx_word' id='word_1_54' title='bbox 638 825 671 868; x_wconf 77' lang='lat' dir='ltr'>its</span> <span class='ocrx_word' id='word_1_55' title='bbox 690 825 832 869; x_wconf 79' lang='lat' dir='ltr'>sententium</span> <span class='ocrx_word' id='word_1_56' title='bbox 857 825 967 879; x_wconf 84' lang='lat' dir='ltr'>expedire</span> <span class='ocrx_word' id='word_1_57' title='bbox 990 825 1086 868; x_wconf 79' lang='lat' dir='ltr'>tinebit:</span> 
     </span>
     <span class='ocr_line' id='line_1_8' title="bbox 75 885 1087 948; baseline 0 -12"><span class='ocrx_word' id='word_1_58' title='bbox 75 905 209 947; x_wconf 82' lang='lat' dir='ltr'>„erinnpe‚</span> <span class='ocrx_word' id='word_1_59' title='bbox 246 885 376 948; x_wconf 83' lang='lat' dir='ltr'>prorumpe</span> <span class='ocrx_word' id='word_1_60' title='bbox 402 895 486 937; x_wconf 83' lang='lat' dir='ltr'>ttornnr</span> <span class='ocrx_word' id='word_1_61' title='bbox 517 899 627 948; x_wconf 89' lang='lat' dir='ltr'>vestem,</span> <span class='ocrx_word' id='word_1_62' title='bbox 662 894 699 938; x_wconf 84' lang='lat' dir='ltr'>ine</span> <span class='ocrx_word' id='word_1_63' title='bbox 724 895 803 939; x_wconf 85' lang='lat' dir='ltr'>subito</span> <span class='ocrx_word' id='word_1_64' title='bbox 834 901 859 939; x_wconf 92' lang='lat' dir='ltr'>ut</span> <span class='ocrx_word' id='word_1_65' title='bbox 881 899 974 938; x_wconf 77' lang='lat' dir='ltr'>texatur</span> <span class='ocrx_word' id='word_1_66' title='bbox 1000 895 1087 940; x_wconf 82' lang='lat' dir='ltr'>tiorum</span> 
     </span>
     <span class='ocr_line' id='line_1_9' title="bbox 75 962 1085 1016; baseline 0 -10"><span class='ocrx_word' id='word_1_67' title='bbox 75 963 180 1006; x_wconf 80' lang='lat' dir='ltr'>vestis.”</span> <span class='ocrx_word' id='word_1_68' title='bbox 220 962 255 1005; x_wconf 83' lang='lat' dir='ltr'>Ex</span> <span class='ocrx_word' id='word_1_69' title='bbox 275 962 384 1006; x_wconf 77' lang='lat' dir='ltr'>Aliorum</span> <span class='ocrx_word' id='word_1_70' title='bbox 400 978 462 1006; x_wconf 85' lang='lat' dir='ltr'>conr.</span> <span class='ocrx_word' id='word_1_71' title='bbox 483 964 653 1008; x_wconf 80' lang='lat' dir='ltr'>mernorerbites</span> <span class='ocrx_word' id='word_1_72' title='bbox 674 969 728 1008; x_wconf 87' lang='lat' dir='ltr'>sunt</span> <span class='ocrx_word' id='word_1_73' title='bbox 746 966 860 1010; x_wconf 81' lang='lat' dir='ltr'>Seriverii</span> <span class='ocrx_word' id='word_1_74' title='bbox 873 963 950 1008; x_wconf 84' lang='lat' dir='ltr'>subde</span> <span class='ocrx_word' id='word_1_75' title='bbox 970 977 1085 1016; x_wconf 82' lang='lat' dir='ltr'>messem,</span> 
     </span>
     <span class='ocr_line' id='line_1_10' title="bbox 80 1031 1084 1090; baseline 0.005 -16"><span class='ocrx_word' id='word_1_76' title='bbox 80 1032 185 1078; x_wconf 82' lang='lat' dir='ltr'>Weberi</span> <span class='ocrx_word' id='word_1_77' title='bbox 195 1031 280 1088; x_wconf 81' lang='lat' dir='ltr'>ponde</span> <span class='ocrx_word' id='word_1_78' title='bbox 300 1038 404 1086; x_wconf 78' lang='lat' dir='ltr'>vestem,</span> <span class='ocrx_word' id='word_1_79' title='bbox 434 1034 524 1090; x_wconf 78' lang='lat' dir='ltr'>Rigteri</span> <span class='ocrx_word' id='word_1_80' title='bbox 538 1033 614 1076; x_wconf 85' lang='lat' dir='ltr'>subde</span> <span class='ocrx_word' id='word_1_81' title='bbox 634 1040 738 1090; x_wconf 81' lang='lat' dir='ltr'>vestem3</span> <span class='ocrx_word' id='word_1_82' title='bbox 759 1038 832 1078; x_wconf 84' lang='lat' dir='ltr'>rnirne</span> <span class='ocrx_word' id='word_1_83' title='bbox 851 1039 933 1083; x_wconf 77' lang='lat' dir='ltr'>contra</span> <span class='ocrx_word' id='word_1_84' title='bbox 953 1035 1084 1079; x_wconf 85' lang='lat' dir='ltr'>Wernsd.:</span> 
     </span>
     <span class='ocr_line' id='line_1_11' title="bbox 81 1101 1086 1166; baseline 0.003 -21"><span class='ocrx_word' id='word_1_85' title='bbox 81 1124 114 1134; x_wconf 94' lang='grc'><strong>-</strong></span> <span class='ocrx_word' id='word_1_86' title='bbox 129 1101 225 1164; x_wconf 76' lang='lat' dir='ltr'>florum</span> <span class='ocrx_word' id='word_1_87' title='bbox 243 1113 321 1158; x_wconf 81' lang='lat' dir='ltr'>super</span> <span class='ocrx_word' id='word_1_88' title='bbox 346 1108 372 1145; x_wconf 88' lang='lat' dir='ltr'>ut</span> <span class='ocrx_word' id='word_1_89' title='bbox 390 1109 485 1156; x_wconf 74' lang='lat' dir='ltr'>exstet,</span> <span class='ocrx_word' id='word_1_90' title='bbox 511 1105 542 1146; x_wconf 86' lang='lat' dir='ltr'>V.-</span> <span class='ocrx_word' id='word_1_91' title='bbox 558 1104 589 1150; x_wconf 91' lang='lat' dir='ltr'>D.</span> <span class='ocrx_word' id='word_1_92' title='bbox 611 1105 634 1146; x_wconf 87' lang='lat' dir='ltr'>in</span> <span class='ocrx_word' id='word_1_93' title='bbox 653 1105 722 1147; x_wconf 71' lang='lat' dir='ltr'>Anat.</span> <span class='ocrx_word' id='word_1_94' title='bbox 746 1103 844 1149; x_wconf 89' lang='lat' dir='ltr'>Wotfii:</span> <span class='ocrx_word' id='word_1_95' title='bbox 866 1127 897 1136; x_wconf 85' lang='lat'>--</span> <span class='ocrx_word' id='word_1_96' title='bbox 912 1103 1007 1166; x_wconf 74' lang='lat' dir='ltr'>florium</span> <span class='ocrx_word' id='word_1_97' title='bbox 1026 1104 1086 1148; x_wconf 91' lang='lat' dir='ltr'>uber</span> 
     </span>
     <span class='ocr_line' id='line_1_12' title="bbox 77 1168 1084 1232; baseline 0.003 -17"><span class='ocrx_word' id='word_1_98' title='bbox 77 1178 148 1224; x_wconf 84' lang='lat' dir='ltr'>esto,</span> <span class='ocrx_word' id='word_1_99' title='bbox 178 1185 225 1230; x_wconf 75' lang='lat' dir='ltr'>sey</span> <span class='ocrx_word' id='word_1_100' title='bbox 249 1171 293 1214; x_wconf 84' lang='lat' dir='ltr'>der</span> <span class='ocrx_word' id='word_1_101' title='bbox 316 1168 421 1216; x_wconf 83' lang='lat' dir='ltr'>Biumsn</span> <span class='ocrx_word' id='word_1_102' title='bbox 447 1169 658 1232; x_wconf 77' lang='lat' dir='ltr'>Frrecbtscbooss;</span> <span class='ocrx_word' id='word_1_103' title='bbox 690 1188 743 1218; x_wconf 87' lang='lat' dir='ltr'>eum</span> <span class='ocrx_word' id='word_1_104' title='bbox 768 1175 832 1218; x_wconf 74' lang='lat' dir='ltr'>biatu</span> <span class='ocrx_word' id='word_1_105' title='bbox 858 1175 897 1218; x_wconf 86' lang='lat' dir='ltr'>vix</span> <span class='ocrx_word' id='word_1_106' title='bbox 930 1175 1084 1218; x_wconf 74' lang='lat' dir='ltr'>admittendo.</span> 
     </span>
     <span class='ocr_line' id='line_1_13' title="bbox 76 1237 1087 1302; baseline 0.003 -18"><span class='ocrx_word' id='word_1_107' title='bbox 76 1237 173 1302; x_wconf 83' lang='lat' dir='ltr'>(thid.)</span> <span class='ocrx_word' id='word_1_108' title='bbox 192 1247 298 1299; x_wconf 76' lang='lat' dir='ltr'>quernus</span> <span class='ocrx_word' id='word_1_109' title='bbox 319 1239 407 1285; x_wconf 84' lang='lat' dir='ltr'>Ennue</span> <span class='ocrx_word' id='word_1_110' title='bbox 426 1256 529 1298; x_wconf 80' lang='lat' dir='ltr'>ournpue</span> <span class='ocrx_word' id='word_1_111' title='bbox 548 1243 595 1301; x_wconf 77' lang='lat' dir='ltr'>est]</span> <span class='ocrx_word' id='word_1_112' title='bbox 614 1243 681 1298; x_wconf 85' lang='lat' dir='ltr'>Lips.</span> <span class='ocrx_word' id='word_1_113' title='bbox 730 1245 853 1300; x_wconf 87' lang='lat' dir='ltr'>Duplicem</span> <span class='ocrx_word' id='word_1_114' title='bbox 879 1243 937 1288; x_wconf 78' lang='lat' dir='ltr'>haec</span> <span class='ocrx_word' id='word_1_115' title='bbox 962 1245 1087 1287; x_wconf 69' lang='lat' dir='ltr'>admittunt</span> 
     </span>
     <span class='ocr_line' id='line_1_14' title="bbox 77 1313 1086 1372; baseline 0.002 -16"><span class='ocrx_word' id='word_1_116' title='bbox 77 1313 331 1365; x_wconf 62' lang='lat' dir='ltr'>interpretationum</span> <span class='ocrx_word' id='word_1_117' title='bbox 353 1325 455 1366; x_wconf 89' lang='lat' dir='ltr'>„rumpe</span> <span class='ocrx_word' id='word_1_118' title='bbox 481 1317 570 1356; x_wconf 86' lang='lat' dir='ltr'>vestem</span> <span class='ocrx_word' id='word_1_119' title='bbox 599 1317 635 1356; x_wconf 91' lang='lat' dir='ltr'>tot</span> <span class='ocrx_word' id='word_1_120' title='bbox 655 1313 756 1368; x_wconf 86' lang='lat' dir='ltr'>florum,</span> <span class='ocrx_word' id='word_1_121' title='bbox 788 1320 844 1372; x_wconf 89' lang='lat' dir='ltr'>quot</span> <span class='ocrx_word' id='word_1_122' title='bbox 868 1315 931 1358; x_wconf 89' lang='lat' dir='ltr'>solet</span> <span class='ocrx_word' id='word_1_123' title='bbox 955 1316 1086 1368; x_wconf 86' lang='lat' dir='ltr'>producere</span> 
     </span>
     <span class='ocr_line' id='line_1_15' title="bbox 77 1373 1087 1441; baseline 0.001 -16"><span class='ocrx_word' id='word_1_124' title='bbox 77 1373 165 1425; x_wconf 65' lang='lat' dir='ltr'>Euboe</span> <span class='ocrx_word' id='word_1_125' title='bbox 177 1395 273 1436; x_wconf 86' lang='lat' dir='ltr'>cnmpus</span> <span class='ocrx_word' id='word_1_126' title='bbox 286 1387 386 1439; x_wconf 73' lang='lat' dir='ltr'>quantus</span> <span class='ocrx_word' id='word_1_127' title='bbox 406 1383 479 1426; x_wconf 86' lang='lat' dir='ltr'>est:”</span> <span class='ocrx_word' id='word_1_128' title='bbox 503 1387 557 1426; x_wconf 82' lang='lat' dir='ltr'>unt:</span> <span class='ocrx_word' id='word_1_129' title='bbox 578 1387 615 1437; x_wconf 85' lang='lat' dir='ltr'>„et</span> <span class='ocrx_word' id='word_1_130' title='bbox 630 1389 654 1426; x_wconf 93' lang='lat' dir='ltr'>tu</span> <span class='ocrx_word' id='word_1_131' title='bbox 672 1397 781 1441; x_wconf 87' lang='lat' dir='ltr'>quoque,</span> <span class='ocrx_word' id='word_1_132' title='bbox 801 1385 883 1438; x_wconf 75' lang='lat' dir='ltr'>Enna,</span> <span class='ocrx_word' id='word_1_133' title='bbox 905 1384 1023 1438; x_wconf 83' lang='lat' dir='ltr'>profunde</span> <span class='ocrx_word' id='word_1_134' title='bbox 1042 1383 1087 1428; x_wconf 83' lang='lat' dir='ltr'>flo-</span> 
     </span>
     <span class='ocr_line' id='line_1_16' title="bbox 76 1451 1087 1508; baseline 0.004 -14"><span class='ocrx_word' id='word_1_135' title='bbox 76 1463 135 1504; x_wconf 89' lang='lat' dir='ltr'>res,</span> <span class='ocrx_word' id='word_1_136' title='bbox 157 1456 272 1508; x_wconf 83' lang='lat' dir='ltr'>quotquot</span> <span class='ocrx_word' id='word_1_137' title='bbox 290 1451 425 1496; x_wconf 85' lang='lat' dir='ltr'>uberrimus</span> <span class='ocrx_word' id='word_1_138' title='bbox 442 1457 495 1495; x_wconf 82' lang='lat' dir='ltr'>tuus</span> <span class='ocrx_word' id='word_1_139' title='bbox 508 1465 604 1507; x_wconf 81' lang='lat' dir='ltr'>cnmpns</span> <span class='ocrx_word' id='word_1_140' title='bbox 622 1467 695 1496; x_wconf 84' lang='lat' dir='ltr'>vernn</span> <span class='ocrx_word' id='word_1_141' title='bbox 706 1451 813 1508; x_wconf 89' lang='lat' dir='ltr'>tempore</span> <span class='ocrx_word' id='word_1_142' title='bbox 829 1453 969 1498; x_wconf 76' lang='lat' dir='ltr'>submittere</span> <span class='ocrx_word' id='word_1_143' title='bbox 987 1453 1087 1498; x_wconf 81' lang='lat' dir='ltr'>sotei:¹&#39;</span> 
     </span>
     <span class='ocr_line' id='line_1_17' title="bbox 78 1519 1087 1581; baseline 0.001 -17"><span class='ocrx_word' id='word_1_144' title='bbox 78 1535 142 1579; x_wconf 80' lang='lat' dir='ltr'>qnae</span> <span class='ocrx_word' id='word_1_145' title='bbox 163 1523 280 1565; x_wconf 77' lang='lat' dir='ltr'>sententie</span> <span class='ocrx_word' id='word_1_146' title='bbox 298 1521 356 1565; x_wconf 87' lang='lat' dir='ltr'>nibit</span> <span class='ocrx_word' id='word_1_147' title='bbox 376 1523 471 1565; x_wconf 89' lang='lat' dir='ltr'>omnino</span> <span class='ocrx_word' id='word_1_148' title='bbox 490 1523 561 1566; x_wconf 75' lang='lat' dir='ltr'>hebet</span> <span class='ocrx_word' id='word_1_149' title='bbox 578 1519 600 1566; x_wconf 93' lang='lat' dir='ltr'>in</span> <span class='ocrx_word' id='word_1_150' title='bbox 623 1537 668 1580; x_wconf 91' lang='lat' dir='ltr'>qno</span> <span class='ocrx_word' id='word_1_151' title='bbox 687 1524 808 1577; x_wconf 79' lang='lat' dir='ltr'>offendes,</span> <span class='ocrx_word' id='word_1_152' title='bbox 829 1537 899 1581; x_wconf 88' lang='lat' dir='ltr'>quum</span> <span class='ocrx_word' id='word_1_153' title='bbox 922 1528 1087 1568; x_wconf 88' lang='lat' dir='ltr'>memorentur</span> 
     </span>
     <span class='ocr_line' id='line_1_18' title="bbox 78 1591 1088 1650; baseline 0.004 -16"><span class='ocrx_word' id='word_1_154' title='bbox 78 1594 142 1634; x_wconf 79' lang='lat' dir='ltr'>dnae</span> <span class='ocrx_word' id='word_1_155' title='bbox 161 1591 329 1636; x_wconf 81' lang='lat' dir='ltr'>floridissimae</span> <span class='ocrx_word' id='word_1_156' title='bbox 345 1592 439 1636; x_wconf 79' lang='lat' dir='ltr'>Siritioe</span> <span class='ocrx_word' id='word_1_157' title='bbox 458 1593 578 1650; x_wconf 79' lang='lat' dir='ltr'>regiones.</span> <span class='ocrx_word' id='word_1_158' title='bbox 617 1593 665 1636; x_wconf 85' lang='lat' dir='ltr'>Nee</span> <span class='ocrx_word' id='word_1_159' title='bbox 684 1607 783 1647; x_wconf 85' lang='lat' dir='ltr'>prorsus</span> <span class='ocrx_word' id='word_1_160' title='bbox 797 1595 962 1640; x_wconf 80' lang='lat' dir='ltr'>-neeessuriutn</span> <span class='ocrx_word' id='word_1_161' title='bbox 981 1595 1039 1647; x_wconf 87' lang='lat' dir='ltr'>erit,</span> <span class='ocrx_word' id='word_1_162' title='bbox 1062 1597 1088 1638; x_wconf 86' lang='lat' dir='ltr'>ut</span> 
     </span>
     <span class='ocr_line' id='line_1_19' title="bbox 79 1654 1087 1726; baseline 0.002 -22"><span class='ocrx_word' id='word_1_163' title='bbox 79 1661 178 1704; x_wconf 82' lang='lat' dir='ltr'>subtnto</span> <span class='ocrx_word' id='word_1_164' title='bbox 197 1654 347 1726; x_wconf 77' lang='grc' dir='ltr'><em>ἁσυνὸέτῳ</em></span> <span class='ocrx_word' id='word_1_165' title='bbox 367 1662 488 1720; x_wconf 80' lang='lat' dir='ltr'>tegemus:</span> <span class='ocrx_word' id='word_1_166' title='bbox 509 1660 594 1720; x_wconf 74' lang='lat' dir='ltr'>Hybla</span> <span class='ocrx_word' id='word_1_167' title='bbox 604 1661 698 1724; x_wconf 81' lang='lat' dir='ltr'>florum</span> <span class='ocrx_word' id='word_1_168' title='bbox 714 1675 799 1720; x_wconf 83' lang='lat' dir='ltr'>rumpe</span> <span class='ocrx_word' id='word_1_169' title='bbox 815 1669 919 1718; x_wconf 82' lang='lat' dir='ltr'>cestern,</span> <span class='ocrx_word' id='word_1_170' title='bbox 940 1669 962 1706; x_wconf 86' lang='lat' dir='ltr'>et</span> <span class='ocrx_word' id='word_1_171' title='bbox 979 1669 1087 1722; x_wconf 77' lang='lat' dir='ltr'>quantus</span> 
     </span>
     <span class='ocr_line' id='line_1_20' title="bbox 78 1729 1086 1787; baseline 0.002 -12"><span class='ocrx_word' id='word_1_172' title='bbox 78 1730 172 1775; x_wconf 80' lang='lat' dir='ltr'>Ennue</span> <span class='ocrx_word' id='word_1_173' title='bbox 188 1733 292 1787; x_wconf 80' lang='lat' dir='ltr'>curnpus</span> <span class='ocrx_word' id='word_1_174' title='bbox 309 1737 364 1785; x_wconf 81' lang='lat' dir='ltr'>est,</span> <span class='ocrx_word' id='word_1_175' title='bbox 381 1729 477 1776; x_wconf 71' lang='lat' dir='ltr'>itidein</span> <span class='ocrx_word' id='word_1_176' title='bbox 495 1729 577 1786; x_wconf 83' lang='lat' dir='ltr'>r&#39;urnpe</span> <span class='ocrx_word' id='word_1_177' title='bbox 597 1732 683 1776; x_wconf 88' lang='lat' dir='ltr'>florum</span> <span class='ocrx_word' id='word_1_178' title='bbox 707 1739 805 1778; x_wconf 85' lang='lat' dir='ltr'>vestem.</span> <span class='ocrx_word' id='word_1_179' title='bbox 858 1733 906 1777; x_wconf 84' lang='lat' dir='ltr'>Ne&#39;c</span> <span class='ocrx_word' id='word_1_180' title='bbox 927 1737 1003 1777; x_wconf 83' lang='lat' dir='ltr'>temen</span> <span class='ocrx_word' id='word_1_181' title='bbox 1027 1735 1086 1777; x_wconf 77' lang='lat' dir='ltr'>adeo</span> 
     </span>
     <span class='ocr_line' id='line_1_21' title="bbox 80 1801 1087 1858; baseline 0 -12"><span class='ocrx_word' id='word_1_182' title='bbox 80 1803 194 1858; x_wconf 83' lang='lat' dir='ltr'>equidem</span> <span class='ocrx_word' id='word_1_183' title='bbox 220 1801 340 1844; x_wconf 75' lang='lat' dir='ltr'>haeserim</span> <span class='ocrx_word' id='word_1_184' title='bbox 362 1803 385 1846; x_wconf 95' lang='lat' dir='ltr'>in</span> <span class='ocrx_word' id='word_1_185' title='bbox 413 1803 494 1856; x_wconf 90' lang='lat' dir='ltr'>priore</span> <span class='ocrx_word' id='word_1_186' title='bbox 524 1803 635 1858; x_wconf 75' lang='lat' dir='ltr'>ratione,</span> <span class='ocrx_word' id='word_1_187' title='bbox 667 1808 691 1846; x_wconf 89' lang='lat' dir='ltr'>nt</span> <span class='ocrx_word' id='word_1_188' title='bbox 712 1809 839 1858; x_wconf 76' lang='lat' dir='ltr'>propterea</span> <span class='ocrx_word' id='word_1_189' title='bbox 859 1815 912 1847; x_wconf 88' lang='lat' dir='ltr'>cum</span> <span class='ocrx_word' id='word_1_190' title='bbox 933 1803 1044 1846; x_wconf 84' lang='lat' dir='ltr'>Sebutzio</span> <span class='ocrx_word' id='word_1_191' title='bbox 1063 1807 1087 1846; x_wconf 88' lang='lat' dir='ltr'>et</span> 
     </span>
     <span class='ocr_line' id='line_1_22' title="bbox 79 1871 1086 1932; baseline 0 -16"><span class='ocrx_word' id='word_1_192' title='bbox 79 1871 157 1916; x_wconf 78' lang='lat' dir='ltr'>Axtin</span> <span class='ocrx_word' id='word_1_193' title='bbox 181 1871 317 1924; x_wconf 76' lang='lat' dir='ltr'>praeferam</span> <span class='ocrx_word' id='word_1_194' title='bbox 335 1871 427 1916; x_wconf 75' lang='lat' dir='ltr'>Aetnae</span> <span class='ocrx_word' id='word_1_195' title='bbox 451 1885 575 1929; x_wconf 73' lang='lat' dir='ltr'>euripum.</span> <span class='ocrx_word' id='word_1_196' title='bbox 612 1873 688 1918; x_wconf 80' lang='lat' dir='ltr'>imino</span> <span class='ocrx_word' id='word_1_197' title='bbox 711 1875 779 1932; x_wconf 81' lang='lat' dir='ltr'>tonge</span> <span class='ocrx_word' id='word_1_198' title='bbox 803 1873 949 1931; x_wconf 80' lang='lat' dir='ltr'>frequentius</span> <span class='ocrx_word' id='word_1_199' title='bbox 971 1871 1044 1916; x_wconf 82' lang='lat' dir='ltr'>Eunu</span> <span class='ocrx_word' id='word_1_200' title='bbox 1062 1873 1086 1916; x_wconf 90' lang='lat' dir='ltr'>iu</span> 
     </span>
     <span class='ocr_line' id='line_1_23' title="bbox 80 1940 1085 2000; baseline 0 -14"><span class='ocrx_word' id='word_1_201' title='bbox 80 1940 188 1987; x_wconf 75' lang='lat' dir='ltr'>Asinum</span> <span class='ocrx_word' id='word_1_202' title='bbox 209 1941 369 1995; x_wconf 86' lang='lat' dir='ltr'>corrumpitur</span> <span class='ocrx_word' id='word_1_203' title='bbox 387 1955 457 1998; x_wconf 79' lang='lat' dir='ltr'>quum</span> <span class='ocrx_word' id='word_1_204' title='bbox 476 1949 576 2000; x_wconf 81' lang='lat' dir='ltr'>eontrn3</span> <span class='ocrx_word' id='word_1_205' title='bbox 596 1945 669 1989; x_wconf 79' lang='lat' dir='ltr'>vetuti</span> <span class='ocrx_word' id='word_1_206' title='bbox 685 1945 763 1987; x_wconf 82' lang='lat' dir='ltr'>stntirn</span> <span class='ocrx_word' id='word_1_207' title='bbox 780 1945 801 1987; x_wconf 96' lang='lat' dir='ltr'>in</span> <span class='ocrx_word' id='word_1_208' title='bbox 822 1947 893 1995; x_wconf 86' lang='lat' dir='ltr'>ioco,</span> <span class='ocrx_word' id='word_1_209' title='bbox 914 1944 974 1999; x_wconf 90' lang='lat' dir='ltr'>quod</span> <span class='ocrx_word' id='word_1_210' title='bbox 996 1944 1085 1996; x_wconf 78' lang='lat' dir='ltr'>scium,</span> 
     </span>
     <span class='ocr_line' id='line_1_24' title="bbox 80 2011 1086 2068; baseline -0.001 -13"><span class='ocrx_word' id='word_1_211' title='bbox 80 2013 113 2055; x_wconf 79' lang='lat' dir='ltr'>eb</span> <span class='ocrx_word' id='word_1_212' title='bbox 129 2011 303 2065; x_wconf 80' lang='lat' dir='ltr'>interpretibus</span> <span class='ocrx_word' id='word_1_213' title='bbox 322 2014 426 2056; x_wconf 90' lang='lat' dir='ltr'>nondum</span> <span class='ocrx_word' id='word_1_214' title='bbox 443 2011 515 2056; x_wconf 77' lang='lat' dir='ltr'>eltuto</span> <span class='ocrx_word' id='word_1_215' title='bbox 530 2013 757 2058; x_wconf 79' lang='lat' dir='ltr'>Pseudosristotetis</span> <span class='ocrx_word' id='word_1_216' title='bbox 777 2013 872 2057; x_wconf 76' lang='lat' dir='ltr'>Mis-ub.</span> <span class='ocrx_word' id='word_1_217' title='bbox 892 2011 1006 2058; x_wconf 80' lang='lat' dir='ltr'>Ausouit.</span> <span class='ocrx_word' id='word_1_218' title='bbox 1026 2013 1086 2068; x_wconf 76' lang='lat' dir='ltr'>Cep.</span> 
     </span>
     <span class='ocr_line' id='line_1_25' title="bbox 81 2075 1087 2164; baseline 0 -34"><span class='ocrx_word' id='word_1_219' title='bbox 81 2077 128 2125; x_wconf 78' lang='lat'>83·</span> <span class='ocrx_word' id='word_1_220' title='bbox 150 2093 173 2142; x_wconf 79' lang='lat' dir='ltr'>p</span> <span class='ocrx_word' id='word_1_221' title='bbox 196 2077 253 2124; x_wconf 88' lang='lat'><strong>166·</strong></span> <span class='ocrx_word' id='word_1_222' title='bbox 274 2081 371 2126; x_wconf 79' lang='lat' dir='ltr'>Beetm</span> <span class='ocrx_word' id='word_1_223' title='bbox 410 2079 441 2131; x_wconf 80' lang='grc' dir='ltr'>ἐν</span> <span class='ocrx_word' id='word_1_224' title='bbox 462 2081 497 2151; x_wconf 76' lang='grc' dir='ltr'>τῇ</span> <span class='ocrx_word' id='word_1_225' title='bbox 523 2075 649 2132; x_wconf 79' lang='grc' dir='ltr'><em>Σικελία</em></span> <span class='ocrx_word' id='word_1_226' title='bbox 660 2081 696 2153; x_wconf 76' lang='grc' dir='ltr'>τῇ</span> <span class='ocrx_word' id='word_1_227' title='bbox 715 2081 884 2164; x_wconf 66' lang='lat' dir='ltr'>maiorue-&#39;1137</span> <span class='ocrx_word' id='word_1_228' title='bbox 910 2077 1000 2152; x_wconf 80' lang='grc' dir='ltr'><em>Αἴτνῃ</em></span> <span class='ocrx_word' id='word_1_229' title='bbox 1024 2084 1087 2137; x_wconf 76' lang='lat' dir='ltr'>(Syt-</span> 
     </span>
     <span class='ocr_line' id='line_1_26' title="bbox 81 2101 1087 2223; baseline 0.006 -29"><span class='ocrx_word' id='word_1_230' title='bbox 81 2152 157 2208; x_wconf 80' lang='lat' dir='ltr'>burg.</span> <span class='ocrx_word' id='word_1_231' title='bbox 188 2151 296 2194; x_wconf 88' lang='lat' dir='ltr'>omnibns</span> <span class='ocrx_word' id='word_1_232' title='bbox 321 2153 477 2208; x_wconf 76' lang='lat' dir='ltr'>probantibus</span> <span class='ocrx_word' id='word_1_233' title='bbox 487 2101 603 2223; x_wconf 52' lang='grc' dir='ltr'><em>ΙἝννη)</em></span> <span class='ocrx_word' id='word_1_234' title='bbox 627 2133 780 2218; x_wconf 75' lang='grc' dir='ltr'><em>σπήλαιόν</em></span> <span class='ocrx_word' id='word_1_235' title='bbox 803 2167 831 2202; x_wconf 83' lang='grc' dir='ltr'>τι</span> <span class='ocrx_word' id='word_1_236' title='bbox 857 2136 972 2216; x_wconf 67' lang='lat' dir='ltr'>bbyewt</span> <span class='ocrx_word' id='word_1_237' title='bbox 997 2147 1087 2210; x_wconf 75' lang='lat' dir='ltr'>rinus,</span> 
     </span>
     <span class='ocr_line' id='line_1_27' title="bbox 81 2212 1089 2308; baseline 0.002 -40"><span class='ocrx_word' id='word_1_238' title='bbox 81 2221 149 2302; x_wconf 79' lang='grc' dir='ltr'>περὶ</span> <span class='ocrx_word' id='word_1_239' title='bbox 167 2212 185 2268; x_wconf 83' lang='grc' dir='ltr'><em>ὃ</em></span> <span class='ocrx_word' id='word_1_240' title='bbox 206 2215 309 2302; x_wconf 79' lang='grc' dir='ltr'><em>κύκλῳ</em></span> <span class='ocrx_word' id='word_1_241' title='bbox 324 2224 487 2283; x_wconf 74' lang='grc' dir='ltr'><em>πεφυκέναι</em></span> <span class='ocrx_word' id='word_1_242' title='bbox 504 2226 580 2283; x_wconf 77' lang='grc' dir='ltr'><em>φασὶ</em></span> <span class='ocrx_word' id='word_1_243' title='bbox 601 2222 661 2272; x_wconf 79' lang='grc' dir='ltr'>τῶν</span> <span class='ocrx_word' id='word_1_244' title='bbox 682 2237 713 2274; x_wconf 72' lang='grc' dir='ltr'>τι</span> <span class='ocrx_word' id='word_1_245' title='bbox 731 2217 826 2308; x_wconf 66' lang='lat' dir='ltr'>ditiore</span> <span class='ocrx_word' id='word_1_246' title='bbox 843 2218 957 2272; x_wconf 57' lang='lat' dir='ltr'>dubiem</span> <span class='ocrx_word' id='word_1_247' title='bbox 977 2219 1089 2286; x_wconf 54' lang='grc' dir='ltr'><em>πλῆθος</em></span> 
     </span>
     <span class='ocr_line' id='line_1_28' title="bbox 81 2283 1089 2374; baseline 0.003 -35"><span class='ocrx_word' id='word_1_248' title='bbox 81 2285 143 2339; x_wconf 76' lang='grc' dir='ltr'>ἀνὰ</span> <span class='ocrx_word' id='word_1_249' title='bbox 166 2285 264 2338; x_wconf 83' lang='grc' dir='ltr'><em>πᾶσαν</em></span> <span class='ocrx_word' id='word_1_250' title='bbox 285 2283 377 2361; x_wconf 36' lang='grc' dir='ltr'><em>ὠᾛραν</em></span> <span class='ocrx_word' id='word_1_251' title='bbox 397 2287 469 2340; x_wconf 76' lang='grc' dir='ltr'><strong><em>πολὺ</em></strong></span> <span class='ocrx_word' id='word_1_252' title='bbox 488 2289 518 2340; x_wconf 83' lang='lat' dir='ltr'>di</span> <span class='ocrx_word' id='word_1_253' title='bbox 538 2291 669 2355; x_wconf 75' lang='lat' dir='ltr'>editore</span> <span class='ocrx_word' id='word_1_254' title='bbox 691 2291 748 2342; x_wconf 81' lang='grc' dir='ltr'>τῶν</span> <span class='ocrx_word' id='word_1_255' title='bbox 770 2289 821 2341; x_wconf 73' lang='grc' dir='ltr'>ῗων</span> <span class='ocrx_word' id='word_1_256' title='bbox 840 2287 1018 2374; x_wconf 72' lang='grc' dir='ltr'><em>,ἀπέραντόν</em></span> <span class='ocrx_word' id='word_1_257' title='bbox 1024 2306 1089 2342; x_wconf 78' lang='grc' dir='ltr'><em>τινα</em></span> 
     </span>
     <span class='ocr_line' id='line_1_29' title="bbox 81 2355 1089 2440; baseline 0 -31"><span class='ocrx_word' id='word_1_258' title='bbox 81 2355 179 2440; x_wconf 59' lang='grc' dir='ltr'><em>τόκον</em></span> <span class='ocrx_word' id='word_1_259' title='bbox 206 2361 309 2417; x_wconf 65' lang='lat' dir='ltr'>(nostem</span> <span class='ocrx_word' id='word_1_260' title='bbox 339 2369 480 2420; x_wconf 76' lang='lat' dir='ltr'>quantin-</span> <span class='ocrx_word' id='word_1_261' title='bbox 509 2365 656 2419; x_wconf 63' lang='lat' dir='ltr'>-enmpnu</span> <span class='ocrx_word' id='word_1_262' title='bbox 685 2356 967 2430; x_wconf 59' lang='grc' dir='ltr'>συμπιέπληρῶσῖιαι,</span> <span class='ocrx_word' id='word_1_263' title='bbox 997 2355 1018 2409; x_wconf 81' lang='grc' dir='ltr'><em>ιῖ</em></span> <span class='ocrx_word' id='word_1_264' title='bbox 1034 2361 1089 2426; x_wconf 76' lang='grc' dir='ltr'>τὴν</span> 
     </span>
    </p>
   </div>
   <div class='ocr_carea' id='block_1_5' title="bbox 81 2424 1088 2556">
    <p class='ocr_par' dir='ltr' id='par_1_5' title="bbox 81 2424 1088 2554">
     <span class='ocr_line' id='line_1_30' title="bbox 81 2424 1088 2500; baseline -0.002 -22"><span class='ocrx_word' id='word_1_265' title='bbox 81 2424 233 2494; x_wconf 77' lang='grc' dir='ltr'><em>σύνεγγυς</em></span> <span class='ocrx_word' id='word_1_266' title='bbox 259 2425 359 2500; x_wconf 71' lang='grc' dir='ltr'><em>χώραν</em></span> <span class='ocrx_word' id='word_1_267' title='bbox 390 2427 513 2492; x_wconf 76' lang='grc' dir='ltr'><em>εὐωδίας</em></span> <span class='ocrx_word' id='word_1_268' title='bbox 539 2431 647 2500; x_wconf 75' lang='grc' dir='ltr'><em>κληροῖ</em></span> <span class='ocrx_word' id='word_1_269' title='bbox 673 2447 699 2479; x_wconf 84' lang='grc' dir='ltr'><em>κ</em></span> <span class='ocrx_word' id='word_1_270' title='bbox 733 2445 756 2480; x_wconf 86' lang='grc' dir='ltr'><em>τ</em></span> <span class='ocrx_word' id='word_1_271' title='bbox 788 2430 811 2479; x_wconf 80' lang='lat' dir='ltr'>t.</span> <span class='ocrx_word' id='word_1_272' title='bbox 848 2433 996 2490; x_wconf 76' lang='lat' dir='ltr'>Appetetsqo</span> <span class='ocrx_word' id='word_1_273' title='bbox 1020 2446 1088 2476; x_wconf 82' lang='lat' dir='ltr'>mone</span> 
     </span>
     <span class='ocr_line' id='line_1_31' title="bbox 82 2498 1088 2556; baseline 0 -12"><span class='ocrx_word' id='word_1_274' title='bbox 82 2501 167 2544; x_wconf 76' lang='lat' dir='ltr'>Ennne</span> <span class='ocrx_word' id='word_1_275' title='bbox 181 2514 289 2554; x_wconf 81' lang='lat' dir='ltr'>eampum</span> <span class='ocrx_word' id='word_1_276' title='bbox 308 2503 422 2546; x_wconf 80' lang='lat' dir='ltr'>describit</span> <span class='ocrx_word' id='word_1_277' title='bbox 437 2503 511 2546; x_wconf 81' lang='lat' dir='ltr'>tutius</span> <span class='ocrx_word' id='word_1_278' title='bbox 528 2503 646 2546; x_wconf 80' lang='lat' dir='ltr'>Firminus</span> <span class='ocrx_word' id='word_1_279' title='bbox 663 2503 786 2546; x_wconf 68' lang='lat' dir='ltr'>Maternus</span> <span class='ocrx_word' id='word_1_280' title='bbox 814 2501 842 2545; x_wconf 89' lang='lat' dir='ltr'>C.</span> <span class='ocrx_word' id='word_1_281' title='bbox 865 2499 926 2556; x_wconf 82' lang='lat' dir='ltr'>7.p</span> <span class='ocrx_word' id='word_1_282' title='bbox 930 2498 996 2544; x_wconf 84' lang='lat' dir='ltr'>.3i</span> <span class='ocrx_word' id='word_1_283' title='bbox 1017 2501 1088 2544; x_wconf 80' lang='lat' dir='ltr'>Mun-</span> 
     </span>
    </p>
   </div>
   <div class='ocr_carea' id='block_1_6' title="bbox 77 2565 1126 3398">
    <p class='ocr_par' dir='ltr' id='par_1_6' title="bbox 77 2565 1126 3398">
     <span class='ocr_line' id='line_1_32' title="bbox 80 2565 1088 2633; baseline 0.002 -19"><span class='ocrx_word' id='word_1_284' title='bbox 80 2579 131 2616; x_wconf 87' lang='lat' dir='ltr'>ter.</span> <span class='ocrx_word' id='word_1_285' title='bbox 169 2570 271 2628; x_wconf 84' lang='lat' dir='ltr'>Pergus</span> <span class='ocrx_word' id='word_1_286' title='bbox 294 2577 375 2614; x_wconf 85' lang='lat' dir='ltr'>uuiem</span> <span class='ocrx_word' id='word_1_287' title='bbox 392 2571 464 2616; x_wconf 56' lang='lat' dir='ltr'>luc·</span> <span class='ocrx_word' id='word_1_288' title='bbox 481 2565 508 2615; x_wconf 62' lang='lat' dir='ltr'>ir</span> <span class='ocrx_word' id='word_1_289' title='bbox 528 2569 632 2616; x_wconf 79' lang='lat' dir='ltr'>Hennae</span> <span class='ocrx_word' id='word_1_290' title='bbox 649 2572 758 2615; x_wconf 74' lang='lat' dir='ltr'>civitatis</span> <span class='ocrx_word' id='word_1_291' title='bbox 771 2569 869 2633; x_wconf 80' lang='lat' dir='ltr'>fluibus</span> <span class='ocrx_word' id='word_1_292' title='bbox 887 2571 951 2616; x_wconf 81' lang='lat' dir='ltr'>sutis</span> <span class='ocrx_word' id='word_1_293' title='bbox 969 2583 1088 2616; x_wconf 79' lang='lat' dir='ltr'>urnosnus</span> 
     </span>
     <span class='ocr_line' id='line_1_33' title="bbox 85 2640 1088 2704; baseline 0.002 -21"><span class='ocrx_word' id='word_1_294' title='bbox 85 2645 113 2684; x_wconf 81' lang='lat' dir='ltr'>ei</span> <span class='ocrx_word' id='word_1_295' title='bbox 126 2645 232 2700; x_wconf 82' lang='lat' dir='ltr'>gratus,</span> <span class='ocrx_word' id='word_1_296' title='bbox 263 2641 336 2684; x_wconf 83' lang='lat' dir='ltr'>euius</span> <span class='ocrx_word' id='word_1_297' title='bbox 354 2643 493 2685; x_wconf 74' lang='lat' dir='ltr'>amoenitas</span> <span class='ocrx_word' id='word_1_298' title='bbox 512 2655 545 2686; x_wconf 79' lang='lat' dir='ltr'>ex</span> <span class='ocrx_word' id='word_1_299' title='bbox 559 2641 654 2704; x_wconf 82' lang='lat' dir='ltr'>florum</span> <span class='ocrx_word' id='word_1_300' title='bbox 680 2641 842 2685; x_wconf 73' lang='lat' dir='ltr'>varietatibus</span> <span class='ocrx_word' id='word_1_301' title='bbox 861 2642 984 2684; x_wconf 71' lang='lat' dir='ltr'>nuscitur:</span> <span class='ocrx_word' id='word_1_302' title='bbox 1022 2640 1088 2685; x_wconf 82' lang='lat' dir='ltr'>Num</span> 
     </span>
     <span class='ocr_line' id='line_1_34' title="bbox 79 2711 1088 2772; baseline 0.004 -21"><span class='ocrx_word' id='word_1_303' title='bbox 79 2723 130 2768; x_wconf 86' lang='lat' dir='ltr'>per</span> <span class='ocrx_word' id='word_1_304' title='bbox 153 2722 250 2753; x_wconf 88' lang='lat' dir='ltr'>omnem</span> <span class='ocrx_word' id='word_1_305' title='bbox 275 2722 369 2755; x_wconf 81' lang='lat' dir='ltr'>annum</span> <span class='ocrx_word' id='word_1_306' title='bbox 396 2711 509 2756; x_wconf 72' lang='lat' dir='ltr'>vicissim</span> <span class='ocrx_word' id='word_1_307' title='bbox 532 2713 582 2754; x_wconf 82' lang='lat' dir='ltr'>sibi</span> <span class='ocrx_word' id='word_1_308' title='bbox 602 2711 791 2756; x_wconf 75' lang='lat' dir='ltr'>succedentibus</span> <span class='ocrx_word' id='word_1_309' title='bbox 809 2711 921 2772; x_wconf 79' lang='lat' dir='ltr'>floribus</span> <span class='ocrx_word' id='word_1_310' title='bbox 942 2717 1088 2754; x_wconf 78' lang='lat' dir='ltr'>coronatur.</span> 
     </span>
     <span class='ocr_line' id='line_1_35' title="bbox 82 2777 1088 2841; baseline 0 -18"><span class='ocrx_word' id='word_1_311' title='bbox 82 2777 133 2823; x_wconf 82' lang='lat' dir='ltr'>Hic</span> <span class='ocrx_word' id='word_1_312' title='bbox 150 2780 277 2834; x_wconf 78' lang='lat' dir='ltr'>inuenies,</span> <span class='ocrx_word' id='word_1_313' title='bbox 310 2780 430 2840; x_wconf 85' lang='lat' dir='ltr'>quidquid</span> <span class='ocrx_word' id='word_1_314' title='bbox 452 2779 584 2840; x_wconf 78' lang='lat' dir='ltr'>hyacinthi</span> <span class='ocrx_word' id='word_1_315' title='bbox 610 2787 694 2841; x_wconf 85' lang='lat' dir='ltr'>turget</span> <span class='ocrx_word' id='word_1_316' title='bbox 722 2781 748 2825; x_wconf 86' lang='lat' dir='ltr'>in</span> <span class='ocrx_word' id='word_1_317' title='bbox 775 2783 890 2834; x_wconf 73' lang='lat' dir='ltr'>coule1n5</span> <span class='ocrx_word' id='word_1_318' title='bbox 918 2779 972 2822; x_wconf 84' lang='lat' dir='ltr'>illic</span> <span class='ocrx_word' id='word_1_319' title='bbox 991 2792 1088 2824; x_wconf 84' lang='lat' dir='ltr'>comum</span> 
     </span>
     <span class='ocr_line' id='line_1_36' title="bbox 80 2845 1088 2912; baseline 0 -18"><span class='ocrx_word' id='word_1_320' title='bbox 80 2849 199 2894; x_wconf 77' lang='lat' dir='ltr'>narcissi</span> <span class='ocrx_word' id='word_1_321' title='bbox 215 2851 253 2893; x_wconf 79' lang='lat' dir='ltr'>cei</span> <span class='ocrx_word' id='word_1_322' title='bbox 272 2851 337 2909; x_wconf 86' lang='lat' dir='ltr'>quod</span> <span class='ocrx_word' id='word_1_323' title='bbox 351 2865 455 2894; x_wconf 79' lang='lat' dir='ltr'>aureum</span> <span class='ocrx_word' id='word_1_324' title='bbox 470 2865 555 2896; x_wconf 79' lang='lat' dir='ltr'>rosam</span> <span class='ocrx_word' id='word_1_325' title='bbox 573 2851 680 2910; x_wconf 83' lang='lat' dir='ltr'>desuper</span> <span class='ocrx_word' id='word_1_326' title='bbox 694 2852 803 2912; x_wconf 75' lang='lat' dir='ltr'>pingit3&#39;</span> <span class='ocrx_word' id='word_1_327' title='bbox 823 2851 875 2894; x_wconf 84' lang='lat' dir='ltr'>iilic</span> <span class='ocrx_word' id='word_1_328' title='bbox 894 2849 965 2892; x_wconf 78' lang='lat' dir='ltr'>uibus</span> <span class='ocrx_word' id='word_1_329' title='bbox 981 2845 1088 2894; x_wconf 76' lang='lat' dir='ltr'>hederas</span> 
     </span>
     <span class='ocr_line' id='line_1_37' title="bbox 77 2920 1088 2979; baseline 0.002 -17"><span class='ocrx_word' id='word_1_330' title='bbox 77 2933 130 2978; x_wconf 85' lang='lat' dir='ltr'>per</span> <span class='ocrx_word' id='word_1_331' title='bbox 151 2925 245 2962; x_wconf 84' lang='lat' dir='ltr'>terram</span> <span class='ocrx_word' id='word_1_332' title='bbox 263 2921 372 2965; x_wconf 80' lang='lat' dir='ltr'>molliter</span> <span class='ocrx_word' id='word_1_333' title='bbox 392 2929 496 2978; x_wconf 83' lang='lat' dir='ltr'>serpunt</span> <span class='ocrx_word' id='word_1_334' title='bbox 511 2928 534 2965; x_wconf 87' lang='lat' dir='ltr'>et</span> <span class='ocrx_word' id='word_1_335' title='bbox 549 2935 605 2965; x_wconf 89' lang='lat' dir='ltr'>cum</span> <span class='ocrx_word' id='word_1_336' title='bbox 617 2922 754 2979; x_wconf 67' lang='lat' dir='ltr'>purpureis</span> <span class='ocrx_word' id='word_1_337' title='bbox 776 2921 848 2966; x_wconf 77' lang='lat' dir='ltr'>violis</span> <span class='ocrx_word' id='word_1_338' title='bbox 865 2920 977 2964; x_wconf 77' lang='lat' dir='ltr'>suaviter</span> <span class='ocrx_word' id='word_1_339' title='bbox 995 2920 1088 2966; x_wconf 83' lang='lat' dir='ltr'>rubens</span> 
     </span>
     <span class='ocr_line' id='line_1_38' title="bbox 82 2979 1126 3046; baseline 0.002 -14"><span class='ocrx_word' id='word_1_340' title='bbox 82 3003 223 3033; x_wconf 77' lang='lat' dir='ltr'>amaracus</span> <span class='ocrx_word' id='word_1_341' title='bbox 242 2989 382 3046; x_wconf 79' lang='lat' dir='ltr'>invenitur,</span> <span class='ocrx_word' id='word_1_342' title='bbox 413 3005 458 3034; x_wconf 85' lang='lat' dir='ltr'>uec</span> <span class='ocrx_word' id='word_1_343' title='bbox 477 3005 596 3036; x_wconf 79' lang='lat' dir='ltr'>eoronam</span> <span class='ocrx_word' id='word_1_344' title='bbox 622 2993 697 3036; x_wconf 80' lang='lat' dir='ltr'>istem</span> <span class='ocrx_word' id='word_1_345' title='bbox 715 2992 772 3034; x_wconf 82' lang='lat' dir='ltr'>niba</span> <span class='ocrx_word' id='word_1_346' title='bbox 794 2990 912 3035; x_wconf 83' lang='lat' dir='ltr'>deserunt</span> <span class='ocrx_word' id='word_1_347' title='bbox 926 2989 992 3034; x_wconf 78' lang='lat' dir='ltr'>iiiia.</span> <span class='ocrx_word' id='word_1_348' title='bbox 1032 2987 1088 3045; x_wconf 70' lang='lat'>(54)</span> <span class='ocrx_word' id='word_1_349' title='bbox 1121 2979 1126 2988; x_wconf 46' lang='lat'>¹</span> 
     </span>
     <span class='ocr_line' id='line_1_39' title="bbox 83 3058 1088 3120; baseline 0.002 -18"><span class='ocrx_word' id='word_1_350' title='bbox 83 3073 196 3118; x_wconf 76' lang='lat' dir='ltr'>quaeque</span> <span class='ocrx_word' id='word_1_351' title='bbox 213 3058 294 3118; x_wconf 84' lang='lat' dir='ltr'>lucos]</span> <span class='ocrx_word' id='word_1_352' title='bbox 314 3062 504 3105; x_wconf 79' lang='lat' dir='ltr'>emendavitiam</span> <span class='ocrx_word' id='word_1_353' title='bbox 521 3063 589 3120; x_wconf 84' lang='lat' dir='ltr'>Lips.</span> <span class='ocrx_word' id='word_1_354' title='bbox 626 3063 688 3106; x_wconf 83' lang='lat' dir='ltr'>Turn</span> <span class='ocrx_word' id='word_1_355' title='bbox 699 3059 786 3120; x_wconf 85' lang='lat' dir='ltr'>sontes</span> <span class='ocrx_word' id='word_1_356' title='bbox 808 3062 941 3106; x_wconf 86' lang='lat' dir='ltr'>Scriverius</span> <span class='ocrx_word' id='word_1_357' title='bbox 957 3075 1000 3116; x_wconf 89' lang='lat' dir='ltr'>pro</span> <span class='ocrx_word' id='word_1_358' title='bbox 1019 3073 1088 3104; x_wconf 87' lang='lat' dir='ltr'>mou·</span> 
     </span>
     <span class='ocr_line' id='line_1_40' title="bbox 82 3126 1088 3191; baseline 0.001 -18"><span class='ocrx_word' id='word_1_359' title='bbox 82 3136 132 3173; x_wconf 84' lang='lat' dir='ltr'>tes.</span> <span class='ocrx_word' id='word_1_360' title='bbox 171 3126 226 3186; x_wconf 83' lang='lat'>(58)</span> <span class='ocrx_word' id='word_1_361' title='bbox 250 3130 391 3175; x_wconf 71' lang='lat' dir='ltr'>recentibus</span> <span class='ocrx_word' id='word_1_362' title='bbox 411 3146 423 3174; x_wconf 88' lang='lat' dir='ltr'>e</span> <span class='ocrx_word' id='word_1_363' title='bbox 442 3133 504 3176; x_wconf 84' lang='lat' dir='ltr'>coni.</span> <span class='ocrx_word' id='word_1_364' title='bbox 527 3131 621 3176; x_wconf 86' lang='lat' dir='ltr'>Pitheei</span> <span class='ocrx_word' id='word_1_365' title='bbox 651 3137 675 3177; x_wconf 87' lang='lat' dir='ltr'>et</span> <span class='ocrx_word' id='word_1_366' title='bbox 701 3133 828 3190; x_wconf 79' lang='lat' dir='ltr'>Sntrnssii;</span> <span class='ocrx_word' id='word_1_367' title='bbox 855 3129 904 3191; x_wconf 89' lang='lat' dir='ltr'>(bic</span> <span class='ocrx_word' id='word_1_368' title='bbox 923 3132 1012 3177; x_wconf 83' lang='lat' dir='ltr'>edidit:</span> <span class='ocrx_word' id='word_1_369' title='bbox 1044 3129 1088 3174; x_wconf 75' lang='lat' dir='ltr'>Ex</span> 
     </span>
     <span class='ocr_line' id='line_1_41' title="bbox 82 3198 1088 3260; baseline 0.002 -18"><span class='ocrx_word' id='word_1_370' title='bbox 82 3198 227 3242; x_wconf 75' lang='lat' dir='ltr'>recentibus</span> <span class='ocrx_word' id='word_1_371' title='bbox 243 3213 286 3254; x_wconf 89' lang='lat' dir='ltr'>pro</span> <span class='ocrx_word' id='word_1_372' title='bbox 301 3199 334 3244; x_wconf 85' lang='lat' dir='ltr'>Et</span> <span class='ocrx_word' id='word_1_373' title='bbox 350 3201 514 3260; x_wconf 82' lang='lat' dir='ltr'>rigentibus.t</span> <span class='ocrx_word' id='word_1_374' title='bbox 533 3202 564 3245; x_wconf 88' lang='lat' dir='ltr'>Ut</span> <span class='ocrx_word' id='word_1_375' title='bbox 581 3217 643 3247; x_wconf 91' lang='lat' dir='ltr'>nunc.</span> <span class='ocrx_word' id='word_1_376' title='bbox 661 3208 715 3260; x_wconf 82' lang='lat' dir='ltr'>sunt</span> <span class='ocrx_word' id='word_1_377' title='bbox 726 3201 812 3255; x_wconf 78' lang='lat' dir='ltr'>verbs,</span> <span class='ocrx_word' id='word_1_378' title='bbox 832 3202 952 3246; x_wconf 73' lang='lat' dir='ltr'>artissime</span> <span class='ocrx_word' id='word_1_379' title='bbox 970 3201 1088 3258; x_wconf 76' lang='lat' dir='ltr'>iungendo</span> 
     </span>
     <span class='ocr_line' id='line_1_42' title="bbox 83 3271 1088 3328; baseline 0.003 -17"><span class='ocrx_word' id='word_1_380' title='bbox 83 3274 141 3312; x_wconf 86' lang='lat' dir='ltr'>sunt</span> <span class='ocrx_word' id='word_1_381' title='bbox 159 3283 212 3312; x_wconf 86' lang='lat' dir='ltr'>cum</span> <span class='ocrx_word' id='word_1_382' title='bbox 232 3273 357 3324; x_wconf 82' lang='lat' dir='ltr'>prnecedd.</span> <span class='ocrx_word' id='word_1_383' title='bbox 372 3283 384 3316; x_wconf 74' lang='grc' dir='ltr'>ι·</span> <span class='ocrx_word' id='word_1_384' title='bbox 398 3276 441 3324; x_wconf 78' lang='lat' dir='ltr'>„et</span> <span class='ocrx_word' id='word_1_385' title='bbox 462 3273 593 3328; x_wconf 87' lang='lat' dir='ltr'>quicunque</span> <span class='ocrx_word' id='word_1_386' title='bbox 609 3273 705 3326; x_wconf 73' lang='lat' dir='ltr'>attrabit,</span> <span class='ocrx_word' id='word_1_387' title='bbox 726 3285 778 3316; x_wconf 80' lang='lat' dir='ltr'>eres</span> <span class='ocrx_word' id='word_1_388' title='bbox 792 3276 856 3315; x_wconf 82' lang='lat' dir='ltr'>texui</span> <span class='ocrx_word' id='word_1_389' title='bbox 873 3273 1010 3318; x_wconf 74' lang='lat' dir='ltr'>ntnhreeute</span> <span class='ocrx_word' id='word_1_390' title='bbox 1021 3271 1088 3315; x_wconf 89' lang='lat' dir='ltr'>flori·</span> 
     </span>
     <span class='ocr_line' id='line_1_43' title="bbox 84 3341 1088 3398; baseline 0.001 -15"><span class='ocrx_word' id='word_1_391' title='bbox 84 3341 122 3383; x_wconf 90' lang='lat' dir='ltr'>dis</span> <span class='ocrx_word' id='word_1_392' title='bbox 150 3353 163 3382; x_wconf 91' lang='lat' dir='ltr'>e</span> <span class='ocrx_word' id='word_1_393' title='bbox 185 3341 286 3384; x_wconf 76' lang='lat' dir='ltr'>narnis.”</span> <span class='ocrx_word' id='word_1_394' title='bbox 320 3341 370 3385; x_wconf 82' lang='lat' dir='ltr'>Nee</span> <span class='ocrx_word' id='word_1_395' title='bbox 395 3347 540 3397; x_wconf 71' lang='lat' dir='ltr'>propterea,</span> <span class='ocrx_word' id='word_1_396' title='bbox 572 3345 633 3398; x_wconf 85' lang='lat' dir='ltr'>qnod</span> <span class='ocrx_word' id='word_1_397' title='bbox 658 3341 682 3385; x_wconf 90' lang='lat' dir='ltr'>in</span> <span class='ocrx_word' id='word_1_398' title='bbox 712 3342 812 3398; x_wconf 87' lang='lat' dir='ltr'>reliquis</span> <span class='ocrx_word' id='word_1_399' title='bbox 835 3355 919 3386; x_wconf 82' lang='lat' dir='ltr'>versus</span> <span class='ocrx_word' id='word_1_400' title='bbox 937 3341 1088 3386; x_wconf 78' lang='lat' dir='ltr'>intercuturis</span> 
     </span>
    </p>
   </div>
   <div class='ocr_carea' id='block_1_7' title="bbox 82 3409 1164 3475">
    <p class='ocr_par' dir='ltr' id='par_1_7' title="bbox 82 3409 1164 3475">
     <span class='ocr_line' id='line_1_44' title="bbox 82 3409 1164 3475; baseline 0 -21"><span class='ocrx_word' id='word_1_401' title='bbox 82 3409 152 3454; x_wconf 90' lang='lat' dir='ltr'>nutto</span> <span class='ocrx_word' id='word_1_402' title='bbox 172 3409 259 3468; x_wconf 77' lang='lat' dir='ltr'>ligatur</span> <span class='ocrx_word' id='word_1_403' title='bbox 278 3411 371 3455; x_wconf 82' lang='lat' dir='ltr'>vinonio</span> <span class='ocrx_word' id='word_1_404' title='bbox 387 3423 439 3455; x_wconf 88' lang='lat' dir='ltr'>eum</span> <span class='ocrx_word' id='word_1_405' title='bbox 458 3413 503 3465; x_wconf 87' lang='lat' dir='ltr'>iis,</span> <span class='ocrx_word' id='word_1_406' title='bbox 523 3411 560 3469; x_wconf 90' lang='lat' dir='ltr'>qui</span> <span class='ocrx_word' id='word_1_407' title='bbox 580 3413 680 3456; x_wconf 84' lang='lat' dir='ltr'>eundem</span> <span class='ocrx_word' id='word_1_408' title='bbox 699 3412 835 3468; x_wconf 86' lang='lat' dir='ltr'>excipiunt,</span> <span class='ocrx_word' id='word_1_409' title='bbox 856 3415 884 3456; x_wconf 79' lang='lat' dir='ltr'>ud</span> <span class='ocrx_word' id='word_1_410' title='bbox 905 3414 1012 3470; x_wconf 78' lang='lat' dir='ltr'>regulum</span> <span class='ocrx_word' id='word_1_411' title='bbox 1028 3413 1088 3454; x_wconf 77' lang='lat' dir='ltr'>adeo</span> <span class='ocrx_word' id='word_1_412' title='bbox 1159 3467 1164 3475; x_wconf 18' lang='grc' dir='ltr'><strong><em>ἡ</em></strong></span> 
     </span>
    </p>
   </div>
   <div class='ocr_carea' id='block_1_8' title="bbox 78 3481 1128 4033">
    <p class='ocr_par' dir='ltr' id='par_1_8' title="bbox 78 3481 1128 4033">
     <span class='ocr_line' id='line_1_45' title="bbox 83 3481 1088 3538; baseline 0 -15"><span class='ocrx_word' id='word_1_413' title='bbox 83 3492 196 3524; x_wconf 76' lang='lat' dir='ltr'>seueram</span> <span class='ocrx_word' id='word_1_414' title='bbox 224 3481 321 3538; x_wconf 81' lang='lat' dir='ltr'>exigere</span> <span class='ocrx_word' id='word_1_415' title='bbox 347 3482 458 3525; x_wconf 86' lang='lat' dir='ltr'>debemus</span> <span class='ocrx_word' id='word_1_416' title='bbox 485 3481 585 3526; x_wconf 86' lang='lat' dir='ltr'>tiberius</span> <span class='ocrx_word' id='word_1_417' title='bbox 603 3481 647 3525; x_wconf 89' lang='lat' dir='ltr'>hoc</span> <span class='ocrx_word' id='word_1_418' title='bbox 666 3483 765 3536; x_wconf 72' lang='lat' dir='ltr'>poe&#39;mu,</span> <span class='ocrx_word' id='word_1_419' title='bbox 794 3487 819 3524; x_wconf 86' lang='lat' dir='ltr'>nt</span> <span class='ocrx_word' id='word_1_420' title='bbox 843 3483 949 3526; x_wconf 79' lang='lat' dir='ltr'>dicemus</span> <span class='ocrx_word' id='word_1_421' title='bbox 970 3493 1088 3538; x_wconf 73' lang='lat' dir='ltr'>nunqnam</span> 
     </span>
     <span class='ocr_line' id='line_1_46' title="bbox 81 3549 1089 3608; baseline 0 -16"><span class='ocrx_word' id='word_1_422' title='bbox 81 3550 193 3592; x_wconf 80' lang='lat' dir='ltr'>futurum</span> <span class='ocrx_word' id='word_1_423' title='bbox 211 3549 298 3604; x_wconf 82' lang='lat' dir='ltr'>inisse,</span> <span class='ocrx_word' id='word_1_424' title='bbox 331 3554 444 3595; x_wconf 87' lang='lat' dir='ltr'>utsemet</span> <span class='ocrx_word' id='word_1_425' title='bbox 465 3552 523 3595; x_wconf 93' lang='lat' dir='ltr'>ittnd</span> <span class='ocrx_word' id='word_1_426' title='bbox 545 3551 590 3595; x_wconf 85' lang='lat' dir='ltr'>sibi</span> <span class='ocrx_word' id='word_1_427' title='bbox 610 3553 750 3604; x_wconf 63' lang='lat' dir='ltr'>concederet</span> <span class='ocrx_word' id='word_1_428' title='bbox 769 3552 883 3607; x_wconf 81' lang='lat' dir='ltr'>scriptor.</span> <span class='ocrx_word' id='word_1_429' title='bbox 922 3553 997 3596; x_wconf 86' lang='lat' dir='ltr'>immo</span> <span class='ocrx_word' id='word_1_430' title='bbox 1016 3563 1089 3608; x_wconf 89' lang='lat' dir='ltr'>quum</span> 
     </span>
     <span class='ocr_line' id='line_1_47' title="bbox 81 3620 1087 3680; baseline 0 -16"><span class='ocrx_word' id='word_1_431' title='bbox 81 3620 143 3664; x_wconf 77' lang='lat' dir='ltr'>haee</span> <span class='ocrx_word' id='word_1_432' title='bbox 159 3633 252 3676; x_wconf 75' lang='lat' dir='ltr'>quinque</span> <span class='ocrx_word' id='word_1_433' title='bbox 271 3622 368 3674; x_wconf 77' lang='lat' dir='ltr'>strophe</span> <span class='ocrx_word' id='word_1_434' title='bbox 388 3622 420 3664; x_wconf 82' lang='lat' dir='ltr'>sit</span> <span class='ocrx_word' id='word_1_435' title='bbox 434 3635 446 3665; x_wconf 84' lang='lat' dir='ltr'>e</span> <span class='ocrx_word' id='word_1_436' title='bbox 461 3621 628 3680; x_wconf 80' lang='lat' dir='ltr'>longioribus,</span> <span class='ocrx_word' id='word_1_437' title='bbox 648 3633 731 3676; x_wconf 80' lang='lat' dir='ltr'>perum</span> <span class='ocrx_word' id='word_1_438' title='bbox 752 3623 801 3665; x_wconf 86' lang='lat' dir='ltr'>veri</span> <span class='ocrx_word' id='word_1_439' title='bbox 820 3622 897 3666; x_wconf 80' lang='lat' dir='ltr'>simite</span> <span class='ocrx_word' id='word_1_440' title='bbox 916 3627 952 3666; x_wconf 91' lang='lat' dir='ltr'>est</span> <span class='ocrx_word' id='word_1_441' title='bbox 970 3622 1087 3664; x_wconf 84' lang='lat' dir='ltr'>excidisse</span> 
     </span>
     <span class='ocr_line' id='line_1_48' title="bbox 80 3683 1128 3750; baseline 0 -16"><span class='ocrx_word' id='word_1_442' title='bbox 80 3683 122 3734; x_wconf 83' lang='lat' dir='ltr'>hic</span> <span class='ocrx_word' id='word_1_443' title='bbox 142 3703 216 3734; x_wconf 82' lang='lat' dir='ltr'>uuum</span> <span class='ocrx_word' id='word_1_444' title='bbox 234 3695 274 3734; x_wconf 81' lang='lat' dir='ltr'>oui</span> <span class='ocrx_word' id='word_1_445' title='bbox 292 3692 393 3734; x_wconf 72' lang='lat' dir='ltr'>atter-uin</span> <span class='ocrx_word' id='word_1_446' title='bbox 412 3685 565 3736; x_wconf 85' lang='lat' dir='ltr'>versieutum.</span> <span class='ocrx_word' id='word_1_447' title='bbox 602 3691 811 3750; x_wconf 65' lang='lat' dir='ltr'>Rigteruotebnt:</span> <span class='ocrx_word' id='word_1_448' title='bbox 831 3709 866 3724; x_wconf 88' lang='lat'>-·</span> <span class='ocrx_word' id='word_1_449' title='bbox 886 3689 934 3734; x_wconf 85' lang='lat' dir='ltr'>Ver</span> <span class='ocrx_word' id='word_1_450' title='bbox 948 3689 1088 3734; x_wconf 79' lang='lat' dir='ltr'>recentibus</span> <span class='ocrx_word' id='word_1_451' title='bbox 1123 3737 1128 3744; x_wconf 27' lang='lat'><em>⁴</em></span> 
     </span>
     <span class='ocr_line' id='line_1_49' title="bbox 78 3759 1088 3826; baseline -0.002 -22"><span class='ocrx_word' id='word_1_452' title='bbox 78 3761 195 3804; x_wconf 75' lang='lat' dir='ltr'>virentes</span> <span class='ocrx_word' id='word_1_453' title='bbox 213 3759 282 3807; x_wconf 83' lang='lat' dir='ltr'>ducit</span> <span class='ocrx_word' id='word_1_454' title='bbox 297 3760 400 3804; x_wconf 80' lang='lat' dir='ltr'>umbras</span> <span class='ocrx_word' id='word_1_455' title='bbox 411 3761 530 3823; x_wconf 81' lang='lat' dir='ltr'>floribus.</span> <span class='ocrx_word' id='word_1_456' title='bbox 569 3759 623 3820; x_wconf 82' lang='lat'>(59)</span> <span class='ocrx_word' id='word_1_457' title='bbox 644 3762 721 3818; x_wconf 83' lang='lat' dir='ltr'>Quum</span> <span class='ocrx_word' id='word_1_458' title='bbox 739 3763 825 3826; x_wconf 82' lang='lat' dir='ltr'>metior·</span> <span class='ocrx_word' id='word_1_459' title='bbox 845 3761 905 3806; x_wconf 88' lang='lat' dir='ltr'>Cod.</span> <span class='ocrx_word' id='word_1_460' title='bbox 926 3762 1027 3806; x_wconf 76' lang='lat' dir='ltr'>Salmas.</span> <span class='ocrx_word' id='word_1_461' title='bbox 1046 3760 1088 3802; x_wconf 80' lang='lat' dir='ltr'>ha·</span> 
     </span>
     <span class='ocr_line' id='line_1_50' title="bbox 79 3831 1088 3889; baseline 0.001 -15"><span class='ocrx_word' id='word_1_462' title='bbox 79 3831 138 3874; x_wconf 80' lang='lat' dir='ltr'>beet</span> <span class='ocrx_word' id='word_1_463' title='bbox 152 3844 201 3889; x_wconf 86' lang='lat' dir='ltr'>qun</span> <span class='ocrx_word' id='word_1_464' title='bbox 221 3831 268 3874; x_wconf 85' lang='lat' dir='ltr'>inm</span> <span class='ocrx_word' id='word_1_465' title='bbox 286 3845 299 3874; x_wconf 85' lang='lat' dir='ltr'>n</span> <span class='ocrx_word' id='word_1_466' title='bbox 322 3831 405 3886; x_wconf 90' lang='lat' dir='ltr'>Lipsio</span> <span class='ocrx_word' id='word_1_467' title='bbox 423 3833 589 3886; x_wconf 86' lang='lat' dir='ltr'>propositum,</span> <span class='ocrx_word' id='word_1_468' title='bbox 609 3845 655 3876; x_wconf 90' lang='lat' dir='ltr'>non</span> <span class='ocrx_word' id='word_1_469' title='bbox 677 3836 714 3876; x_wconf 85' lang='lat' dir='ltr'>est</span> <span class='ocrx_word' id='word_1_470' title='bbox 736 3847 777 3876; x_wconf 89' lang='lat' dir='ltr'>cur</span> <span class='ocrx_word' id='word_1_471' title='bbox 799 3833 959 3887; x_wconf 74' lang='lat' dir='ltr'>praeferamus</span> <span class='ocrx_word' id='word_1_472' title='bbox 978 3843 1088 3875; x_wconf 88' lang='lat' dir='ltr'>errorem</span> 
     </span>
     <span class='ocr_line' id='line_1_51' title="bbox 79 3897 1086 3959; baseline -0.005 -13"><span class='ocrx_word' id='word_1_473' title='bbox 79 3903 128 3946; x_wconf 91' lang='lat' dir='ltr'>Cd.</span> <span class='ocrx_word' id='word_1_474' title='bbox 146 3901 213 3945; x_wconf 86' lang='lat' dir='ltr'>Pith.</span> <span class='ocrx_word' id='word_1_475' title='bbox 235 3901 278 3959; x_wconf 85' lang='lat' dir='ltr'>qui</span> <span class='ocrx_word' id='word_1_476' title='bbox 292 3906 372 3946; x_wconf 79' lang='lat' dir='ltr'>natum</span> <span class='ocrx_word' id='word_1_477' title='bbox 390 3913 418 3946; x_wconf 85' lang='lat' dir='ltr'>ex</span> <span class='ocrx_word' id='word_1_478' title='bbox 437 3903 654 3947; x_wconf 80' lang='lat' dir='ltr'>aceonrmodetione</span> <span class='ocrx_word' id='word_1_479' title='bbox 677 3905 706 3946; x_wconf 83' lang='lat' dir='ltr'>nd</span> <span class='ocrx_word' id='word_1_480' title='bbox 725 3915 762 3946; x_wconf 85' lang='lat' dir='ltr'>rr.</span> <span class='ocrx_word' id='word_1_481' title='bbox 782 3915 848 3959; x_wconf 84' lang='lat' dir='ltr'>seqq.</span> <span class='ocrx_word' id='word_1_482' title='bbox 865 3901 966 3958; x_wconf 84' lang='lat' dir='ltr'>primus</span> <span class='ocrx_word' id='word_1_483' title='bbox 990 3897 1086 3943; x_wconf 75' lang='lat' dir='ltr'>aether.</span> 
     </span>
     <span class='ocr_line' id='line_1_52' title="bbox 80 3969 1086 4033; baseline -0.004 -14"><span class='ocrx_word' id='word_1_484' title='bbox 80 3969 138 4031; x_wconf 72' lang='lat'>(⁶0)</span> <span class='ocrx_word' id='word_1_485' title='bbox 158 3971 253 4016; x_wconf 74' lang='lat' dir='ltr'>creceii</span> <span class='ocrx_word' id='word_1_486' title='bbox 274 3985 287 4013; x_wconf 86' lang='lat' dir='ltr'>e</span> <span class='ocrx_word' id='word_1_487' title='bbox 311 3971 372 4017; x_wconf 77' lang='lat' dir='ltr'>Coo.</span> <span class='ocrx_word' id='word_1_488' title='bbox 393 3971 502 4019; x_wconf 80' lang='lat' dir='ltr'>Sntmnsii</span> <span class='ocrx_word' id='word_1_489' title='bbox 520 3987 573 4018; x_wconf 87' lang='lat' dir='ltr'>cum</span> <span class='ocrx_word' id='word_1_490' title='bbox 596 3973 694 4033; x_wconf 76' lang='lat' dir='ltr'>Rigtero</span> <span class='ocrx_word' id='word_1_491' title='bbox 716 3973 815 4030; x_wconf 74' lang='lat' dir='ltr'>utttsque</span> <span class='ocrx_word' id='word_1_492' title='bbox 834 3969 935 4028; x_wconf 72' lang='lat' dir='ltr'>praetuli</span> <span class='ocrx_word' id='word_1_493' title='bbox 957 3970 1000 4016; x_wconf 83' lang='lat' dir='ltr'>Cd.</span> <span class='ocrx_word' id='word_1_494' title='bbox 1020 3969 1086 4016; x_wconf 84' lang='lat' dir='ltr'>Pith.</span> 
     </span>
    </p>
   </div>
   <div class='ocr_carea' id='block_1_9' title="bbox 0 0 1416 4716">
    <p class='ocr_par' dir='ltr' id='par_1_9' title="bbox 0 0 1416 4716">
     <span class='ocr_line' id='line_1_53' title="bbox 0 0 1416 4716; baseline 0 0"><span class='ocrx_word' id='word_1_495' title='bbox 0 0 1416 4716; x_wconf 95' lang='lat' dir='ltr'> </span> 
     </span>
    </p>
   </div>
  </div>
 </body>
</html>
