2776 4718
369 809 800 886 PRA'EFATIO.

492 988 679 1002 m

146 1116 229 1180 Rem
251 1127 374 1199 gratam
396 1115 571 1199 philologia
587 1116 743 1192 facturum
765 1137 815 1180 me
832 1117 977 1192 mondo,
1002 1121 1083 1183 Per·

78 1216 197 1301 vigilio
212 1218 381 1291 ¹Veneris,
406 1219 581 1282 semidocto
605 1231 637 1282 et
658 1218 805 1301 plebeio,
834 1222 890 1282 sed
911 1233 1013 1284 tamen
1034 1235 1084 1284 tc·
1184 1269 1189 1292 ,

78 1341 163 1384 nero
180 1342 218 1382 ac
238 1321 326 1384 molli
347 1325 495 1402 poe'mate
509 1323 557 1384 iad
577 1333 765 1407 utrumque,
790 1322 844 1407 qui
863 1344 1082 1406 ntiocstsuper-

77 1427 153 1498 est,
192 1421 345 1487 Codicem
380 1424 513 1486 Salmas.
555 1437 586 1488 et
623 1425 712 1489 Pith.
747 1426 949 1500 accuratius,
988 1449 1080 1512 quiam
1152 1448 1154 1452 ·

76 1547 219 1607 unquam
238 1538 309 1590 ante
326 1525 444 1590 factrun
461 1538 528 1599 est,
552 1539 680 1590 exacto.
704 1547 706 1553 ’
725 1527 846 1590 Nimiae
863 1530 970 1612 utique
985 1543 1080 1613 quum

75 1628 170 1690 mrrlti
191 1629 299 1691 landes
326 1629 357 1692 ei
381 1630 541 1703 tribuant,
576 1641 780 1702 mimerorum
803 1631 832 1692 in
856 1631 985 1712 primis,
1013 1644 1078 1694 tum
1135 1631 1138 1640 '

74 1732 300 1796 nonnullarum
314 1734 407 1795 etiam
430 1731 598 1816 imaginum
615 1732 735 1794 deliciis
757 1733 858 1814 capti,
883 1734 936 1798 alii
956 1755 1078 1812 rrimus,

73 1833 224 1898 homines
238 1834 329 1898 nimis
348 1836 454 1898 tristes
470 1856 507 1896 ac
526 1837 650 1911 severi,
667 1835 840 1919 ,malignius
860 1858 952 1919 quam
973 1839 1077 1902 verius

73 1940 242 2001 de‘eodem
258 1937 406 2000 iudicium
429 1937 518 2000 ferre
535 1939 651 2002 solent.
695 1939 821 2002 Etenim
843 1961 858 2000 a
878 1943 975 2020 po'e'ta
990 1941 1076 2006 ntro

73 2041 175 2104 seculi
200 2041 284 2103 tertii
307 2040 450 2104 exeuntis
477 2043 528 2104 vel
559 2042 662 2122 ‹inarti
685 2055 761 2122 post
784 2041 946 2106 Christum
970 2040 1076 2106 natutri

72 2144 108 2206 hi
132 2143 306 2226 perfectam
326 2145 370 2206 D.
394 2144 533 2225 Augusti
557 2145 668 2208 aetatis
689 2146 876 2226 elegantiam
902 2127 1075 2230 sensusque

73 2268 153 2309 vere
174 2247 455 2329 Romanos'quum
473 2248 655 2330 requirant,
681 2248 735 2309 vix
757 2249 847 2312 aliter
866 2249 934 2311 lieri
955 2261 1073 2331 potest,

72 2371 170 2434 quam
200 2361 235 2410 ut
270 2349 426 2411 acerrime
458 2350 489 2412 in
523 2349 682 2412 hominem
709 2371 843 2431 prorsus
876 2352 1075 2415 innocentem

70 2454 103 2514 in
110 2455 277 2516 vehantur.
293 2453 406 2536 ltnque
418 2473 520 2532 nuper
531 2453 649 2514 laetum
659 2453 746 2528 sidia
757 2453 925 2536 philologo
933 2457 1073 2536 quandam

71 2555 273 2638 Hegeliano,
298 2575 434 2636 quorum
458 2573 686 2635 saepenumero
709 2556 842 2635 permira
859 2567 931 2616 sunt
945 2555 1073 2622 iudicia.

70 2661 166 2734 Nos,
197 2657 253 2740 quii
273 2657 367 2720 oeulis
389 2679 526 2738 unquam
544 2657 764 2737 sophistarum
783 2657 900 2719 scholis
921 2659 1072 2734 obnoxii,

70 2760 292 2845 antiqtritatem
316 2760 416 2841 ipsam
438 2779 498 2839 per
512 2781 546 2822 se
560 2772 591 2821 et
606 2773 781 2840 spectamus
797 2771 828 2820 et
841 2757 1071 2843 cognovimus,

69 2862 258 2945 saepissime
279 2863 310 2924 in
328 2863 388 2925 alia
411 2863 512 2926 omnia
529 2864 676 2930 abeamus
701 2881 828 2923 necesse
849 2874 915 2924 est:
939 2862 1072 2926 rectina-

69 2988 136 3050 que
154 2965 285 3030 omnino
312 2969 350 3027 de
372 2977 439 3029 tota
464 2964 594 3027 istarum
613 2964 793 3028 scholarum
815 2965 964 3039 stultitia,
990 2987 1072 3049 quae

70 3081 194 3132 certam
224 3081 318 3152 atque
338 3067 429 3130 unice
452 3089 559 3130 veram
582 3067 784 3148 sapientiam,
809 3066 990 3143 scientiam,
1016 3089 1071 3130 ve·

67 3174 197 3236 ritatem
226 3169 484 3254 arrogantissime
505 3190 574 3232 sese
596 3169 730 3246 iactitat,
755 3168 923 3252 aliquando
951 3170 1071 3232 iudica-

69 3277 118 3340 bit
141 3273 331 3356 posteritas.
902 3272 904 3287 '

135 3378 252 3442 Afrum
274 3379 403 3458 potitam
418 3363 533 3450 fnisse,
558 3385 589 3438 et
611 3372 736 3457 quidem
759 3374 826 3437 eius
840 3374 956 3448 seculi,
981 3379 1069 3459 qnod

66 3479 235 3563 praedixi,
269 3479 391 3562 colligo
418 3491 484 3542 tum
514 3491 560 3540 ex<
583 3477 650 3558 ipsa
673 3477 829 3540 sermonis
853 3477 979 3553 indole,
1003 3492 1068 3539 tum

64 3607 109 3646 ex
127 3583 179 3646 illa
202 3583 375 3646 verborum
397 3577 680 3644 acsentcntiarum
703 3581 846 3642 ubertate
869 3601 992 3660 semper
1007 3581 1067 3642 ‹tif-
1090 3597 1094 3604 ·

63 3689 204 3759 fluente,
229 3684 288 3747 etsi
312 3697 413 3747 metro
435 3683 616 3756 trochaico,
640 3682 728 3744 cuins
741 3683 826 3766 leges
852 3682 904 3763 vir
930 3703 1067 3759 unquam

63 3789 206 3852 violasse
226 3791 400 3850 censendus
416 3795 481 3862 est,
506 3785 700 3870 aliquatenus
714 3796 762 3848 est
784 3784 941 3858 co’e'rcita,
964 3783 1065 3867 magis

63 3892 196 3974 utique,
220 3912 312 3970 quiam
337 3891 461 3953 serebat
480 3889 578 3970 ipsius
599 3886 766 3969 scriptoris
789 3885 959 3969 ingenium.
1003 3885 1067 3948 Sed

64 3991 125 4077 qni
158 3992 376 4076 Appuleium,
413 3991 467 4076 qui
499 3991 728 4056 Tertullianum
766 3999 859 4072 atque
885 3986 1066 4054 Arnobiutu

463 4209 472 4258 l
