2846 4736
270 453 426 524 contrari,
445 458 565 512 indoctis
584 460 708 514 omnibus
725 468 882 530 contrarie,

227 539 267 600 Bt
284 559 390 616 gratus
406 549 498 604 doots's
516 561 545 606 et
562 558 607 606 cut
623 559 704 624 grati
722 563 788 608 most
806 555 904 629 docti,

226 639 314 710 Quem
333 650 376 694 tot
393 645 478 696 simul
493 655 598 700 ornant
616 655 734 700 nottsroe
752 666 887 716 moenera,

225 731 373 802 Ingenium
391 742 436 788 cut
452 737 531 790 dives
549 747 578 790 et
597 741 709 800 tebertus
725 741 856 810 linguae,
929 735 932 740 ¹

225 825 281 894 Qui
299 843 332 882 es
351 837 411 883 tam
429 828 575 898 disertus,
593 809 662 886 voce
681 843 714 889 ut
730 836 861 905 placares
872 833 975 906 feras,
1126 843 1142 899 5

224 917 263 973 Et
280 919 348 976 imis
367 931 491 975 mortuos
510 924 636 978 creberet
653 926 803 1000 sepedoltris
812 949 822 988 ,-

223 1011 280 1081 Qui
297 1013 470 1087 quodeunque
488 1017 554 1070 libet
572 1028 655 1072 docto
672 1027 768 1090 pingis
787 1039 872 1074 manu

222 1103 385 1178 Polygnoto
405 1114 494 1162 maior
513 1119 595 1182 atque
614 1113 828 1188 Aglaophonte,

223 1199 264 1254 Et
282 1201 401 1254 Zetmim
418 1220 534 1274 superas
552 1211 633 1274 atque
653 1205 799 1260 parastum
818 1207 889 1283 (sio)

222 1295 698 1371 protogenemquefflampltilumque
717 1307 746 1350 et
764 1289 933 1356 Metanttum
1106 1315 1142 1366 10

221 1387 410 1460 Pisonemque
427 1389 553 1442 Samium
569 1389 849 1464 Euphranoremquo,

221 1482 272 1535 cus
289 1489 388 1552 sponte
406 1481 503 1542 doctos
517 1483 641 1554 polanam
660 1484 743 1536 daret
761 1488 886 1557 Apelles:

220 1574 296 1646 Quid
312 1593 429 1628 saevom
447 1584 557 1628 tantum
573 1585 768 1649 paupertatem
786 1583 930 1650 quereris?

218 1669 278 1722 Neo
289 1668 372 1739 facit
390 1669 475 1721 bonos
493 1669 543 1722 itta
561 1687 611 1722 neo
621 1667 707 1741 facit
725 1671 829 1740 moles,

219 1761 377 1834 obsuntque
395 1768 518 1834 saeptam,
538 1779 621 1834 quom
637 1772 770 1834 prosunt,
790 1764 925 1818 divitiae:
1104 1778 1137 1831 15

141 1895 226 1956 haud
254 1903 414 1956 cunctatus
442 1915 510 1956 sum
539 1914 649 1958 eorum
670 1893 842 1958 sententiae
867 1899 1032 1974 accedere,
1068 1901 1139 1984 qoi-

141 1998 202 2058 bns
230 2017 293 2078 pro
321 2006 425 2060 oento'
442 2004 624 2080 persuasum
654 2008 718 2072 est,
757 1999 894 2061 Fabulae
920 2001 1074 2066 XXXII.
1097 2007 1137 2068 ab
1237 2077 1239 2084 ¹

141 2120 206 2162 uno
229 2101 368 2164 Perotto
397 2111 539 2163 servatas
568 2099 642 2164 huie
662 2098 782 2164 homini
804 2101 932 2168 omnino
954 2103 1050 2166 tribui
1072 2127 1137 2170 non

138 2222 256 2284 posse:
278 2201 370 2264 nimis
392 2202 493 2278 enim,
516 2201 658 2286 quamvis
679 2213 788 2266 tenues
809 2204 872 2266 sint
894 2217 924 2268 et
940 2226 1134 2290 exsangues,

138 2317 291 2386 superant
312 2303 470 2386 poetieam
495 2305 596 2396 nostri
618 2304 776 2386 Episcopi
795 2305 993 2371 facultatem.
1036 2310 1136 2374 Mini-

139 2429 187 2471 me
209 2420 321 2471 contra
342 2406 523 2490 discrepare
542 2407 666 2470 videtur
690 2419 722 2469 et
742 2406 886 2501 inventio
908 2421 940 2472 et
965 2409 1065 2496 genus
1089 2413 1136 2476 di-

139 2510 231 2574 cendi
248 2532 307 2592 per
321 2530 355 2572 se
374 2522 550 2592 spectatum
564 2531 582 2572 a
596 2509 748 2574 Phaedro
770 2513 884 2594 dodum
905 2523 996 2577 noto.
1010 2519 1012 2525 '
1041 2515 1134 2599 Ergo

138 2615 196 2676 bas
212 2611 488 2697 quoque‘fideliten
503 2633 544 2676 ex
556 2612 700 2676 Ianneliii
715 2608 799 2678 Cod.
815 2614 984 2680 Perottino
1000 2617 1131 2698 repetii,

136 2726 245 2779 notata
254 2715 407 2780 varietate
416 2713 568 2790 Cassittii,
582 2727 644 2777 ceta
654 2737 694 2777 ex
705 2715 939 2798 diligentissima
947 2719 997 2798 ·V.
1007 2717 1047 2782 C.
1059 2719 1135 2782 Zei-

135 2817 170 2880 iii
184 2839 273 2880 eura.
296 2817 366 2894 Ita,
390 2821 476 2901 qnod
486 2819 525 2880 ad
540 2817 720 2881 Phaedrum
735 2817 864 2892 attinet,
891 2839 1003 2880 secure
1014 2819 1135 2888 carebit

134 2920 322 3006 philologus
341 2920 487 2986 Iannellii
505 2920 590 2983 libro
613 2922 697 3002 apud
718 2939 776 2982 nos
791 2918 934 2994 rariore;
958 2942 1028 2983 nam
1045 2925 1132 3005 quod

136 3027 176 3087 ad
202 3026 298 3105 ipsius
328 3022 493 3105 opiniones
527 3021 658 3099 attinet,
695 3034 835 3104 praestat
872 3023 911 3086 de
942 3022 980 3085 iis
1013 3021 1131 3102 silere,

134 3147 228 3210 quam
254 3127 307 3188 vel
336 3125 509 3207 simplicem
537 3145 645 3196 earum
666 3126 853 3189 mentionem
879 3124 1025 3190 iniicere:
1048 3128 1129 3192 adeo

133 3231 285 3311 abreptus
307 3239 354 3291 est
376 3227 409 3290 in
431 3227 589 3313 plerisque
614 3249 631 3290 a
654 3247 747 3290 caeca
771 3226 918 3305 Codicis,
943 3249 1035 3311 quem
1059 3228 1128 3310 pri·

131 3353 202 3394 mus
222 3329 336 3406 edidit,
360 3329 582 3406 admiratione,
607 3342 642 3393 ut
663 3330 818 3393 interdum
840 3341 948 3412 aperte
973 3330 1053 3394 falsa
1070 3332 1127 3392 mi-

130 3433 177 3496 ris
198 3433 332 3518 argntiis
365 3434 530 3498 defendere
560 3445 741 3498 conaretur.
796 3432 849 3496 Sic
871 3453 1000 3516 quoque
1022 3445 1125 3496 tamen

129 3536 291 3600 hominem
312 3539 392 3600 bene
415 3537 559 3600 meritum
582 3535 727 3599 existimo
750 3538 787 3598 de
809 3537 970 3600 Phaedro.

193 3640 240 3702 V..
263 3637 372 3705 Editio
394 3640 541 3723 princeps
562 3640 658 3724 longe
681 3637 839 3702 rarissima
856 3639 939 3710 ¹haec
960 3649 1025 3702 est:

194 3742 348 3806 Peaeum
373 3740 390 3818 ΙΙ
415 3743 505 3806 Avo.
528 3743 672 3806 Lienant
697 3739 714 3816 ΙΙ
743 3742 950 3804 Faavnaavm
974 3744 991 3822 ΙΙ
1016 3740 1124 3804 Aeso-

126 3864 257 3909 euavm
281 3846 299 3926 ΙΙ
325 3847 426 3910 me
454 3866 488 3909 v.
519 3843 537 3921 ΙΙ
579 3847 681 3910 Nono
709 3844 863 3926 primum
892 3842 929 3906 in
961 3845 1069 3904 locem
1099 3845 1116 3920 ΙΙ

125 3945 218 4012 editi.
243 3945 262 4022 ΙΙ
299 3949 567 4014 Avovsnooonae
590 3967 785 4012 nescessivm
803 3941 820 4020 Η
844 3946 1046 4008 Exevneear
1070 3943 1150 4008 lo.'
1190 3955 1192 3960 '
