2846 4736
310 333 352 398 30

249 473 251 476 ’
310 473 489 557 Longeque
511 467 644 534 inferior
666 487 778 554 agnus.
823 464 916 530 Tunc
937 465 1026 530 saure
1048 465 1192 548 improba

309 575 413 638 Latro
434 572 578 637 incitatus
599 569 694 654 iurgii
714 589 840 633 causam
859 568 977 632 intulit.
1099 643 1102 648 Ι

310 673 398 756 Cur,
421 673 542 758 inquit,
564 673 773 736 turbulentam
794 671 898 735 iecisti
920 670 995 734 mihi
1282 671 1302 733 5

309 781 435 862 Aquam
457 775 600 840 bibenti?
622 775 765 860 Laniger
787 783 900 837 contra
921 774 1053 836 timens:

310 881 373 960 Qut
388 900 535 961 possum,
560 897 698 960 quaeso,
718 878 844 952 facere,
867 879 954 960 quod
968 873 1131 960 quereris,
1147 873 1245 958 lupe?

308 984 342 1048 A
363 993 395 1045 te
416 980 556 1044 decurrit
577 981 616 1042 ed
638 1000 725 1042 meos
747 975 877 1042 haustus
898 979 1018 1063 liquor.

310 1084 471 1166 Repulsus
493 1081 544 1146 ille
567 1080 706 1144 veritatis
729 1081 866 1144 viribus:

308 1186 395 1250 Ante
417 1187 476 1248 hos
498 1205 556 1246 sex
577 1204 698 1245 meuses
720 1183 799 1246 maie
829 1181 934 1244 dixisti
956 1180 1043 1246 mihi.
1259 1183 1299 1246 10

309 1288 489 1370 Respondit
510 1305 634 1370 agnus:
658 1285 815 1371 Equidem
837 1297 927 1348 natus
949 1307 1012 1348 non
1035 1305 1133 1356 eram.
1179 1287 1182 1294 '

310 1392 409 1456 Peter
430 1373 560 1452 hercule
582 1401 673 1463 tuus,
696 1387 815 1470 iuquit,
838 1388 917 1452 male
939 1387 1018 1452 dixit
1039 1387 1125 1450 mihi.

310 1495 419 1575 Atque
442 1494 485 1557 ita
506 1487 687 1572 correptum
708 1490 825 1554 lacerat
845 1490 961 1554 iniusta
982 1511 1072 1558 nece.

278 1671 283 1682 k
355 1597 444 1658 Haec
465 1606 599 1677 propter
619 1594 692 1656 illos
714 1593 832 1675 scripta
854 1604 902 1656 est
923 1592 1063 1656 homines
1085 1591 1211 1670 fabula,

312 1697 376 1778 Qui
397 1697 479 1761 fictis
501 1696 603 1764 causis
623 1696 807 1760 innocentes
830 1695 1024 1779 opprimunt.
1263 1695 1303 1759 15

633 1965 639 1982 Ι,
713 1913 809 1976 [run.
841 1914 897 1976 iu]

470 2063 638 2160 ΑΗΑΝΑΕ
660 2064 828 2129 REGEM
853 2011 1147 2131 PETIERUi-iT.¹

352 2205 497 2268 Athenae
518 2225 613 2288 quum
636 2203 789 2268 florerent
811 2203 918 2288 aequis
935 2187 1083 2290 iegibus,

309 2307 440 2372 Procax
461 2307 591 2370 libertas
614 2306 772 2369 civitatem
792 2305 916 2370 miscuit
1064 2384 1066 2397 Ι

310 2410 521 2494 Frenumque·
535 2409 631 2472 solvit
651 2399 816 2491 pristinum
839 2407 975 2486 licentia,
1072 2479 1076 2485 ¹
1133 2434 1139 2495 s

308 2511 374 2575 Hic
394 2511 581 2594 conspiratis
602 2511 774 2580 tactionum
796 2510 939 2594 partibus

308 2728 344 2788 (³)
363 2727 453 2790 succe]
480 2732 510 2776 R.
535 2731 565 2776 A.
591 2732 616 2776 8.
641 2755 673 2766 -
693 2727 759 2792 face
783 2733 813 2776 P.
839 2745 863 2787 p.
905 2733 1034 2786 „Heinsius
1056 2739 1085 2778 ‘et
1111 2733 1188 2778 raher
1203 2729 1304 2793 sance:

308 2802 468 2846 emendatione
490 2801 541 2856 (sed
554 2805 590 2844 cst
607 2801 677 2845 lectio
688 2801 757 2846 Rern.
778 2802 849 2858 (teste
866 2799 932 2860 nug.)
950 2807 974 2846 et
993 2805 1068 2847 Acon.
1088 2801 1136 2848 Nil.
1158 2802 1217 2862 on.)
1230 2820 1303 2862 quam

307 2872 331 2914 in
350 2875 439 2914 textum
456 2868 546 2926 recepit
572 2870 735 2914 Schwabius.''
759 2873 837 2914 Baro.
859 2893 891 2904 -
902 2867 976 2928 sume
992 2860 1054 2916 Ritt.¹
1069 2873 1147 2917 Bentl.
1185 2870 1220 2930 (5)
1238 2871 1303 2934 Gur]

306 2952 331 2995 p.
352 2939 377 2983 8.
400 2949 431 2982 =
452 2937 520 3000 Quas·
537 2939 568 2984 P.
605 2937 642 2996 (6)
661 2941 700 2996 Sic
717 2941 747 2984 A.
768 2937 804 2998 (et
820 2940 875 2998 stig.
896 2945 955 2984 teste
980 2940 1078 2995 Zellio.)
1097 2965 1130 2976 -·
1148 2943 1212 2986 turb.
1237 2941 1304 2986 mihi

299 3005 391 3067 fecisti
407 3007 502 3066 Aquam
520 3009 612 3053 bidenti
627 3011 657 3054 P.
677 3033 710 3042 -
727 3009 792 3052 turb.
814 3007 876 3055 mihi
886 3003 978 3068 fecisti
994 3025 1086 3070 uquam
1097 3011 1185 3055 ¹Ictum
1205 3011 1253 3058 dih.
1272 3025 1299 3066 p.

306 3077 508 3133 (‚,Emeudutione.
519 3093 533 3122 a
545 3079 631 3124 ceteris
650 3077 757 3135 (minime
774 3091 832 3122 vero
850 3078 880 3122 ab
900 3079 1024 3126 omuibusr
1045 3078 1103 3133 Ou.)
1120 3085 1216 3135 recepta
1230 3082 1301 3138 quasi

306 3152 371 3191 esset
397 3149 514 3202 scriptura
542 3147 661 3192 codicis.”
706 3147 797 3202 Beue.)
819 3171 852 3181 -
875 3147 940 3220 turb<
957 3145 1049 3206 sociati
1069 3147 1131 3194 milui
1150 3148 1228 3194 istum
1245 3149 1299 3194 bib.

305 3217 388 3262 Burin.
408 3217 433 3260 S‘.
471 3213 508 3275 (7)
526 3214 649 3276 quereris]
668 3229 691 3271 p.
712 3215 737 3259 S.
759 3240 791 3253 --
809 3217 893 3275 queris
910 3215 940 3260 P.
955 3231 979 3276 g.
1007 3215 1062 3276 (1⁰)
1080 3239 1112 3252 -··
1130 3218 1167 3262 cit
1183 3217 1301 3262 maledi-

306 3285 372 3330 xisti
388 3284 417 3330 P.
437 3286 466 3335 R.
485 3273 555 3341 (teste
573 3285 672 3340 Gudio.)
690 3298 714 3340 p.
752 3285 797 3330 Sed
815 3299 887 3342 quum
903 3288 932 3330 Α.
952 3289 1046 3332 ornittat
1062 3287 1113 3340 uit,
1132 3287 1177 3330 hoc
1193 3301 1217 3332 v.
1234 3289 1302 3332 dele-

304 3355 342 3410 vi,
363 3359 388 3398 ut
404 3355 466 3400 iufra
485 3353 532 3410 30,
553 3351 577 3400 7.
596 3364 634 3401 5⁸0
650 3353 715 3398 mule
733 3355 770 3399 ait
789 3353 960 3400 dictandus.
980 3357 1006 3401 S.
1042 3355 1165 3412 (Remeusi
1180 3361 1206 3400 ut
1223 3357 1302 3400 tribu-

304 3429 347 3468 unt
364 3425 445 3480 Heius.
463 3420 618 3480 etDesbiH.)
654 3421 1009 3482 (isswiicepoudetsseutt.
1047 3423 1224 3484 (12iherculeJ
1241 3427 1301 3484 stig.

304 3495 330 3539 8.
349 3517 384 3530 ι·-
401 3491 484 3538 hercle
502 3495 532 3538 P.
552 3507 576 3546 p.

337 3559 414 3608 rhu.
437 3565 469 3608 11.
507 3559 642 3619 (Index.)
663 3560 731 3608 Rene
751 3563 782 3607 P.
807 3567 833 3606 nt
850 3563 901 3608 fere
921 3577 1046 3619 sempera
1073 3579 1116 3619 pro
1135 3579 1173 3610 oe.
1219 3566 1301 3612 Semel

304 3637 423 3678 notamus.
460 3633 522 3676 Tum
534 3633 563 3676 P.
585 3644 769 3687 sempereum,
789 3646 930 3692 nonquam.
967 3634 1056 3678 Contra
1074 3634 1104 3677 R.
1125 3647 1195 3688 saepe
1213 3649 1301 3694 quum.

304 3700 418 3761 (4)H1'c]
437 3695 466 3746 P,
494 3701 524 3746 R.
552 3705 612 3746 teste
640 3702 725 3748 Gudio.
742 3703 821 3748 Bentt.
858 3703 945 3756 „Haec
962 3705 1102 3760 vonnrima
1119 3717 1190 3748 mann
1209 3706 1301 3760 scripta

304 3779 340 3818 est
359 3787 433 3829 neque
453 3773 514 3816 inter
532 3783 617 3814 versus
635 3773 743 3826 adiecta,
772 3786 846 3828 neque
862 3773 885 3816 in
908 3770 1033 3832 margine,
1054 3774 1249 3828 quemadmodum
1271 3789 1302 3820 se

304 3843 422 3886 invenisse
439 3843 471 3884 ait
492 3841 629 3884 usinum?
662 3842 739 3888 Beue.
785 3842 905 3897 (Heinsius
929 3843 1068 3898 simpliciter
1086 3847 1181 3887 notarat
1198 3857 1251 3888 esse
1273 3845 1300 3888 in

303 3912 359 3957 Vct.
379 3911 439 3956 God.
459 3909 524 3954 Pith.
544 3907 595 3954 dic.
614 3908 674 3968 On.)
692 3931 726 3946 -
742 3908 833 3966 kinnu.
853 3911 879 3956 S.
916 3909 954 3968 (7)
971 3924 1048 3972 grove
1066 3910 1174 3960 Omnino
1191 3913 1301 3958 inunctio

303 3990 365 4025 once
383 3979 417 4039 et]
435 3979 485 4035 (Sic
502 3994 526 4036 p.
546 3980 620 4038 Zeti.)
633 3981 762 4054 J-grueie
772 3978 879 4032 Omnino
890 3981 1117 4028 itmuettsountaat
1134 3989 1158 4028 et
1174 3983 1204 4028 P.
1223 3982 1299 4037 „Nou

1406 31 1413 275 i

1410 315 1414 432 i
