2752 4718
71 469 276 554 Integritatis
294 469 351 552 qui
372 467 511 532 sincerae
533 470 699 548 conscius,

71 574 110 636 A
133 571 303 636 noxiorum
325 571 690 652 promiturinsoleutiis.

73 674 146 754 Qui
165 674 245 748 sint,
268 673 428 756 requires:
452 676 648 756 apparebunt
670 685 827 758 tempore.

71 779 173 860 Ego,
197 779 355 860 quondam
378 775 443 859 legi
465 799 563 858 quam.
579 799 659 859 puer
681 779 884 852 sententiam,
1022 763 1032 771 ²

73 880 211 952 „Palam
235 877 346 941 mutire
368 878 496 960 plebeio
518 878 673 960 piaculum
697 878 782 960 est‘'·,
971 861 976 870 ⁴

72 982 165 1045 Dum
187 979 303 1044 sanitas
324 983 499 1058 constabit,
524 983 655 1065 pulchre
678 982 862 1048 meminero.
1034 983 1075 1048 35

510 1199 650 1260 [xxvii]

248 1331 408 1414 ronna
431 1347 494 1412 nn
516 1307 908 1415 rnnmcunounu.

124 1490 229 1569 Quum
253 1487 455 1552 destinassem
477 1488 643 1551 terminum
667 1487 759 1570 operi
780 1501 919 1553 statuere

75 1595 118 1656 In
143 1595 225 1667 boc,
250 1602 285 1653 ut
305 1590 372 1653 aliis
395 1601 477 1653 esset
501 1590 647 1654 materiae
669 1591 763 1666 satis,

74 1693 258 1760 Consilium
279 1692 376 1756 tacito
398 1693 496 1756 corde
518 1691 663 1753 damnavi
684 1714 813 1754 meum:

79 1799 169 1862 Nam
192 1796 218 1858 si
241 1795 310 1879 quis
332 1795 401 1878 talis
423 1805 471 1858 est
493 1795 585 1856 etiam
608 1793 688 1857 tituli
709 1806 889 1876 appetens,

79 1901 164 1979 Quo·
181 1911 275 1981 pacto
297 1896 507 1975 †damnabit,
528 1897 675 1980 quidnam
697 1896 876 1973 omiserim,
1060 1903 1079 1964 5

79 2005 129 2067 Ut
152 2001 228 2063 illud
250 2000 351 2082 ipsum
373 2000 478 2081 cupiat
499 1999 600 2062 lamae
622 2003 769 2076 tradere,

78 2109 146 2170 Sua
169 2103 280 2188 cuique
302 2125 397 2185 quum
419 2101 459 2164 sit
482 2101 573 2164 animi
596 2101 751 2186 cogitatio

78 2207 251 2289 Colorque
272 2203 441 2286 proprius!
464 2205 556 2288 Ergo
579 2225 642 2266 non
665 2205 778 2268 levitas
803 2207 895 2284 inibi,

79 2313 148 2374 Sed
170 2321 255 2371 certa
277 2307 358 2370 ratio
381 2327 506 2369 causam
528 2305 686 2372 scribendi
709 2307 807 2378 dedit.

78 2516 208 2571 pleverunt
225 2523 247 2553 r.
267 2523 347 2553 ineam
369 2507 486 2569 bongars.
506 2508 569 2562 Atti,
590 2523 636 2554 oon
657 2507 781 2558 Pithoeus.
803 2512 864 2556 'lum
884 2514 909 2558 S.
932 2533 961 2548 υ·
980 2511 1084 2559 damna·

78 2585 107 2628 ai
122 2581 207 2628 statim
226 2581 305 2624 Bentl.
342 2575 385 2637 (b)
403 2579 469 2622 titali
484 2575 612 2638 appatens]
631 2579 781 2624 l'relnsbem.
801 2582 826 2624 S.
846 2599 881 2616 -·
898 2596 946 2626 orn.
965 2586 1083 2640 supplent.

78 2657 204 2710 appetens
223 2650 251 2692 P.
275 2650 304 2692 ll.
326 2663 349 2704 p.
370 2649 417 2701 (hic
435 2645 590 2702 carnanter.)
609 2671 641 2684 ·-
658 2645 726 2691 'tituli
741 2645 837 2708 artifex
857 2651 914 2710 tttg.
933 2675 966 2687 ·-
984 2653 1008 2696 si
1028 2653 1084 2712 qais

78 2723 161 2766 stiam
179 2719 239 2763 talis
262 2725 301 2764 sat
324 2719 391 2762 titali
415 2718 478 2760 liber
496 2718 613 2776 Bongars.
633 2739 667 2752 -
685 2717 709 2760 si
733 2718 775 2776 qai
790 2719 852 2776 *talis
870 2721 945 2764 attam
965 2721 1032 2765 titali
1048 2727 1087 2766 ast

78 2791 199 2837 aemulus
217 2789 296 2834 bentl.
344 2788 470 2844 Utriusque
489 2786 645 2840 supplementi
662 2787 777 2830 sententia
795 2801 869 2845 aequa
886 2793 952 2833 recta
973 2789 1031 2834 mibi
1049 2791 1085 2834 vi·

79 2865 163 2907 detur.
199 2859 249 2903 lies
267 2860 319 2914 ipss
340 2862 376 2901 est
393 2858 492 2901 ineerta.
530 2853 568 2910 (5)
586 2853 723 2912 damnabit]
742 2856 772 2902 1³.
791 2857 822 2902 ll.
842 2871 866 2912 p.
886 2877 918 2892 ·-
939 2857 1085 2917 dapnnlrbil,

78 2929 148 2992 qaod
163 2929 293 2988 quicquam
311 2940 335 2970 o.
355 2927 472 2984 bongars.
519 2927 587 2982 Quod
613 2926 642 2967 ad
661 2927 800 2970 sententiam
823 2927 900 2981 ipsam
922 2931 1005 2974 attinet
1024 2929 1085 2973 baud

78 3001 155 3046 nimis
175 2998 247 3043 male.
284 2998 330 3042 Sed
347 2995 475 3040 damnabit
492 2995 590 3038 tolerari
606 2997 686 3050 nequit
707 3009 753 3040 non
766 2997 843 3040 solum
861 3003 958 3052 propter
972 3003 1086 3052 metrumff

80 3072 126 3116 sed
147 3069 220 3114 etiarn
239 3071 337 3124 propter
356 3066 499 3114 praecedens
517 3063 648 3118 damnari,
669 3077 697 3110 ex
716 3079 762 3121 qua
782 3066 935 3112 librariorum
953 3061 1087 3134 nitilssplsp

78 3145 163 3186 ortum
182 3141 227 3184 eat.
262 3137 317 3180 lude
337 3149 351 3178 a
369 3125 472 3193 Rigaltio
490 3132 548 3190 (Ed.
569 3131 605 3187 2.)
624 3134 694 3180 nitriis
712 3136 828 3188 patienter
843 3137 1011 3193 acquieverunt
1023 3136 1084 3180 nte.

78 3214 105 3256 in
124 3209 244 3254 lectione:
265 3204 317 3265 (luo
332 3211 407 3262 pacta
422 3203 542 3248 divinabit
548 3217 558 3256 ,·
574 3217 647 3264 iquos,
670 3207 839 3249 sententiarum
862 3219 946 3250 nerum
969 3205 1009 3250 obi
1032 3220 1086 3250 exa-

79 3277 202 3330 minarit,
234 3287 333 3330 prorsus
352 3274 454 3320 absurda
473 3278 518 3318 est.
561 3273 620 3316 lllibi
639 3273 717 3316 liberti
737 3275 813 3318 nostri
831 3275 888 3320 base
911 3289 994 3320 manas
1011 3275 1086 3320 laissa

78 3351 195 3396 videtur:
216 3343 269 3404 (luo
288 3347 364 3401 pacto
387 3341 580 3395 demonstrabit,
604 3341 723 3399 quidnam
740 3345 884 3400 amiserim
904 3346 921 3389 i.
945 3359 966 3390 e.
988 3351 1088 3402 quanto·

79 3433 139 3476 pere
149 3416 259 3462 aemulus
271 3427 338 3460 uteris
348 3427 401 3458 sesa
411 3412 536 3458 iactabitin
544 3412 748 3466 demonstrandis,
763 3411 944 3467 (narbarissn)
953 3415 991 3468 iis,
1004 3428 1063 3471 quae
1074 3427 1088 3458 a

78 3504 121 3534 me
131 3489 182 3532 sint
194 3485 293 3528 omissa.
303 3485 333 3526 V.
348 3481 527 3526 demonstrabit
539 3485 616 3524 aotam
627 3494 668 3534 per
676 3481 839 3535 eotnpendiuur
849 3485 942 3540 aliquod
956 3485 1086 3544 seriptum,

62 3586 73 3598 .
78 3557 242 3616 praecedente
254 3555 425 3608 praeses-tima.
439 3549 571 3603 minuant,
585 3550 697 3597 facillime
707 3551 760 3595 inv.
769 3551 898 3597 daranabt't
909 3554 975 3598 abira
984 3557 1086 3608 poterat.

75 3626 273 3674 peruersitatem
290 3622 438 3680 Rigaltiauac
455 3621 564 3668 lectionis
580 3633 609 3662 aa
623 3625 689 3672 parte
705 3622 871 3666 anitnatlvertit
886 3624 932 3666 iam
948 3623 1087 3680 Bentleius,

77 3711 155 3757 quum
169 3695 192 3738 ei
201 3694 298 3740 tuebere
308 3691 404 3745 cupiens
414 3691 437 3735 in
451 3703 517 3746 seqq.
530 3690 590 3732 tnals
604 3689 682 3745 utique
696 3691 826 3736 scriberet:
842 3691 922 3736 aniani
933 3691 1089 3735 conscientia

76 3768 211 3824 Dolorque
213 3762 345 3820 proprias.
357 3760 446 3806 Nostra
452 3773 482 3804 ex
488 3760 581 3809 ratione
588 3773 649 3808 nunc
656 3760 734 3805 otonis
741 3762 828 3814 optime
836 3767 974 3820 congruont.
983 3756 1090 3814 (bls'llad

76 3839 167 3896 ipsam
174 3829 271 3890 cupiat]
279 3831 364 3888 Gupet.
373 3831 460 3879 Faber.
470 3829 494 3872 S.
504 3829 844 3888 -lllumipsameapiambh
852 3831 880 3874 ll.
894 3845 917 3884 p.
932 3828 967 3884 (7)
976 3853 1005 3861 -
1013 3841 1087 3886 qaum

76 3909 117 3952 sie
129 3906 161 3949 ll.
177 3907 236 3947 teste
245 3902 316 3946 Vino.
336 3897 373 3955 (8)
386 3895 518 3956 proprias]
528 3897 642 3944 llittersh.
656 3899 681 3942 S.
698 3923 729 3934 -
740 3901 812 3955 prior
821 3900 850 3944 Ρ.
864 3899 893 3943 lt.
906 3923 937 3932 -
947 3898 1051 3954 propior
1063 3911 1086 3950 p.

76 3976 102 4037 (1
109 3959 286 4036 ophi-tiendo]
293 3970 347 4028 ps.
356 3968 557 4028 -partieatal'.
565 3967 595 4014 R.
607 3957 803 4030 (lbltldfabttlisl
809 3983 833 4024 p.
845 3963 1049 4027 S.·-·sabalasl’.
1058 3965 1089 4010 ll.
