2846 4736
309 349 349 412 26

308 509 367 572 par
389 499 472 564 erat,
495 483 737 570 perficiendum
758 489 841 550 unde
861 489 924 550 hoc
944 487 1018 550 loco
1035 486 1148 550 merito
1165 505 1302 550 summas

309 592 426 676 gratias
449 611 510 674 ago
533 583 616 656 VV.
640 589 713 655 CC.
736 585 928 679 Dreehseli0
952 599 982 651 et
996 587 1144 667 UsterIo,
1168 577 1222 672 qui
1243 591 1301 654 be·

308 693 403 778 nigne
426 691 501 755 mibi
522 693 588 756 eius
610 693 733 775 copiam
754 693 911 756 iecerunt.

372 795 480 858 Habes
502 795 602 880 igitur
622 798 739 878 po'e'tae
760 795 876 869 verba,
911 804 1060 878 quantum
1082 795 1190 875 potui,
1221 815 1301 876 pro·

308 897 453 960 habiliter
470 897 637 960 constituta
652 901 691 960 ad
706 896 849 961 codicum
865 895 970 974 fidem,
982 895 1122 958 subiecta
1134 884 1301 982 integre

308 1001 460 1064 varietate
482 1001 636 1066 Codicum
659 1013 691 1064 et
712 1001 796 1064 Edd.
821 981 1015 1073 Pithoeanae
1038 1009 1132 1081 atque
1164 1000 1301 1062 Schwa·
1357 1029 1360 1040 ·

308 1105 438 1168 hienae:
474 1105 605 1188 siugulis
628 1102 895 1190 emendationibus
925 1113 957 1165 et
983 1100 1192 1178 coniecturis,
1221 1123 1299 1186 quas

301 1227 484 1283 ‚memorare
507 1227 624 1289 operae
645 1205 780 1289 pretium
797 1205 963 1270 videbatur
977 1205 1202 1287 -permultas
1217 1204 1299 1268 enim

309 1320 341 1372 et
372 1308 473 1372 minus
499 1309 682 1391 probabiles
710 1320 742 1372 et
774 1319 882 1394 aperte
908 1307 1003 1372 falsas
1031 1307 1186 1390 facileque
1217 1309 1300 1390 apud

309 1411 513 1476 Schwabium
544 1412 577 1474 in
608 1410 718 1495 primis
750 1410 949 1493 reperiendae
982 1409 1129 1474 consulto
1158 1421 1298 1494 praeter·

308 1514 377 1584 misi
399 1551 440 1563 -
460 1513 554 1597 primi
574 1515 712 1578 auctoris
734 1534 852 1578 nomeu
871 1507 1048 1576 subiicitur.

370 1617 453 1681 Eum
475 1627 577 1706 autern
607 1637 701 1680 uuum
723 1619 765 1681 ob
787 1616 880 1680 finem
902 1615 994 1679 etiam
1016 1615 1154 1680 Phaedri
1174 1615 1299 1698 suscepi

308 1719 492 1796 editionem,
525 1728 561 1783 ut
592 1707 747 1802 posthoc
770 1718 946 1785 CCXXV.
970 1713 1074 1782 annos
1089 1720 1213 1782 tandem
1235 1733 1298 1800 pro

307 1836 397 1888 certo
419 1833 580 1887 constaret
601 1823 639 1884 de
661 1821 856 1906 singulorum
878 1820 944 1884 eius
966 1823 1137 1886 verborum
1159 1821 1301 1885 auctori·

257 1975 262 1996 .
307 1937 389 2000 tate3
412 1936 561 2008 quantum
582 1944 664 2014 utine
697 1923 821 2007 quidem
850 1923 919 1986 fieri
947 1934 1066 2006 potest.
1110 1923 1329 1989 Incredibile-

265 2073 270 2081 .
307 2040 354 2090 est
376 2027 475 2102 enirn,
509 2032 587 2110 qirot
619 2037 651 2090 et
672 2025 928 2111 quantierrores
955 2027 988 2090 in
1007 2026 1093 2089 tenni
1114 2027 1178 2089 hoe
1199 2019 1298 2109 opus-

308 2129 380 2194 culo
410 2131 511 2214 adhuc
539 2128 697 2193 commissi
726 2128 805 2204 sint,
843 2149 907 2192 nou
935 2133 1048 2212 magni
1076 2129 1218 2210 qtridetn,
1242 2133 1299 2194 sed

306 2243 408 2296 tamen
430 2233 580 2296 nonnulld
601 2231 766 2296 Editornm
795 2232 898 2313 enipi.
943 2231 1064 2297 Verum
1084 2229 1125 2308 ii,
1152 2232 1218 2316 'qui
1246 2251 1298 2300 me

306 2336 359 2398 vel
385 2335 417 2398 in
447 2333 608 2398 levissimis
637 2336 731 2398 rebus
764 2334 941 2398 correcturi
967 2343 1055 2410 sunt,
1092 2355 1219 2398 necesse
1247 2348 1298 2400 cst

194 2443 197 2456 '
305 2441 441 2502 habeant
468 2437 603 2522 Bergeri
632 2459 756 2512 curam,
788 2438 996 2502 Pithocamtm
1025 2438 1185 2519 exemplar
1213 2439 1298 2501 Ber·

306 2561 419 2616 nense,
454 2539 596 2602 Iannellii
628 2539 778 2604 Codicem
800 2541 1016 2617 Perottinum‚
1047 2551 1175 2622 praeter
1205 2559 1294 2621 eam,

306 2664 386 2726 qrtae
417 2642 543 2706 facilior
578 2653 690 2724 paratu
725 2653 793 2728 est,
836 2643 1095 2706 Bnrmannianam
1127 2641 1298 2707 editionem

306 2768 376 2809 cum
398 2744 650 2808 annotationibus
664 2733 835 2810 'veriorum
857 2745 929 2808 anni
949 2746 1001 2809 M.
1027 2743 1134 2810 DCC.
1156 2747 1295 2810 XVIII.

306 2847 458 2923 Ceteros,
491 2849 544 2932 qui
567 2847 741 2911 Schwabio
770 2851 931 2910 dumtaxat
951 2859 1095 2924 utentur,
1116 2848 1205 2912 ‘nihil
1227 2869 1298 2913 mo·

303 2973 373 3015 ror.
417 2950 565 3026 Nautis,
599 2963 633 3014 ut
659 2949 730 3013 fieri
748 2951 818 3014 fere
840 2950 929 3014 aliter
946 2963 1013 3014 'non
1034 2963 1178 3033 poterat,
1201 2943 1294 3014 ''con-

304 3053 405 3118 fundit
426 3053 578 3116 leeti0nes
599 3051 755 3136 inprimis
779 3053 861 3118 Cdd.
884 3053 972 3120 Pith.
996 3065 1027 3116 et
1041 3055 1134 3118 Rem.
1157 3056 1248 3118 telem
1260 3052 1295 3117 in

279 3159 449 3232 modum,
482 3167 517 3218 ut
544 3157 694 3222 evolvere
723 3157 838 3220 exitum
867 3158 995 3221 istarum
1016 3161 1178 3222 turbarum
1200 3157 1293 3220 unice

304 3279 366 3338 ope
387 3259 599 3343 Bergerianae
623 3258 765 3322 editionis
787 3259 995 3342 potuerimus.
1034 3260 1168 3324 Minime
1188 3272 1293 3324 tamen

302 3371 477 3444 propterea
504 3363 704 3442 reprehendo
738 3363 838 3426 virum
866 3361 1165 3445 praestantissimum
1193 3375 1224 3426 et
1251 3365 1292 3427 de

235 3504 237 3520 .
278 3463 452 3528 'Phaedro
481 3461 599 3546 optime
627 3465 790 3528 meritum:
824 3487 894 3528 nam
926 3476 997 3528 ante
1028 3465 1164 3530 subsidias
1190 3487 1293 3548 nuper

302 3577 429 3647 reperta
460 3565 558 3630 eidem
590 3569 698 3654 culpae
731 3591 793 3654 ego
827 3589 954 3653 quoque
994 3569 1159 3654 aliqnando
1192 3567 1291 3632 affinis

302 3667 448 3745 fuissem,
462 3669 487 3732 si
499 3670 586 3752 prins
597 3693 731 3756 unquam
743 3675 780 3734 de
792 3673 940 3736 Phaedro
950 3674 1072 3738 edendo
1088 3671 1289 3756 cogitassem.

366 3771 479 3857 Signa,
503 3773 616 3858 quibus
639 3797 711 3838 usus
734 3797 817 3850 stent,
843 3775 919 3839 haec
941 3783 1029 3840 sunt:

244 3875 246 3879 ’
302 3875 344 3937 Ρ.
366 3873 545 3964 :Codex
567 3877 774 3942 Pithoeanus.
802 3935 805 3942 .

304 3979 346 4060 R,
370 4008 405 4044 =
427 3978 541 4044 Codex
564 3979 746 4050 Remensis:
782 4002 819 4043 ea
848 3981 916 4046 scil.
945 3983 1101 4058 varietas,
1136 4005 1213 4068 quae
1236 3985 1288 4046 vel
