2752 4718
332 350 373 416 et

230 485 232 492 '
334 490 409 572 Quo
430 501 525 574 pacto
546 509 611 554 non
632 487 830 572 possideant,
854 488 942 572 quod
961 483 1061 552 luerit
1081 486 1204 563 dmum,
1280 484 1311 547 tt
1363 527 1364 552 v

333 593 528 658 Fructumve
548 591 693 675 capiant:
717 590 827 656 deinde
848 609 928 674 quae
948 589 1078 654 tulerint
1099 588 1197 668 nihil,
1363 581 1364 592 ’

333 693 476 776 Quanam
498 693 619 758 ratione
641 693 807 758 conferant
827 692 1004 775 pecuniam.
1140 737 1146 768 ,

332 797 508 881 Postquam
530 808 716 880 consumpta
738 807 786 858 est
806 795 959 878 temporis
981 793 1070 879 longi
1090 813 1197 872 mora,

333 901 405 962 Nec
426 901 604 963 testamenti
625 897 731 982 potuit
752 917 859 962 senates
881 895 1009 981 colligi,

334 1000 443 1064 Fidem
466 1000 651 1078 advocavit,
674 999 743 1062 iure
765 1001 931 1084 neglecto,
954 1019 1083 1081 parens.

333 1101 466 1184 Seponit
488 1105 636 1167 moechae
658 1113 797 1178 vestem,
821 1104 967 1165 mundum
989 1099 1191 1175 muliebrem,

332 1204 542 1268 Lavationem
566 1215 769 1288 argenteam,
793 1205 973 1280 eunuchos,
998 1203 1150 1288 glabros:

243 1371 244 1378 ,
333 1305 492 1370 Lanificae
515 1306 653 1388 agellos,
676 1325 812 1388 pecora,
838 1305 960 1378 villam,
984 1302 1168 1386 operarios,

333 1407 465 1482 Boves,
489 1407 624 1470 iumenta
646 1418 678 1470 et
699 1407 937 1468 instrumentum
959 1406 1135 1470 rusticum:

332 1508 457 1573 Potrici
477 1509 601 1590 plenam
624 1507 760 1592 antiquis
782 1510 969 1590 apothecam
991 1508 1096 1583 cadis,

332 1609 470 1676 Domum
492 1611 623 1692 politam
645 1622 677 1674 et
699 1611 850 1674 delicatos
872 1611 1032 1676 hortulos.

309 1775 311 1792 Ι
333 1712 386 1775 Sic
408 1713 560 1775 destinata
582 1707 657 1775 dare
678 1735 775 1795 quum
796 1713 900 1775 vellet·
913 1712 1044 1796 singulis

222 1807 226 1812 ¹
332 1815 377 1878 Et
398 1815 590 1896 adprobaret
610 1815 767 1896 populus,
792 1814 845 1898 qui
866 1813 937 1876 illas
957 1824 1108 1890 noverat,

333 1915 484 1996 Aesopus
507 1913 608 1977 media
628 1915 734 1979 subito
756 1915 787 1979 in
808 1917 901 1978 turha
924 1916 1082 1980 constitit:

335 2017 365 2080 Ο
388 2015 415 2077 si
437 2027 575 2079 maneret
596 2016 725 2080 condito
748 2038 857 2082 sensus
879 2018 965 2101 patri

334 2117 437 2198 Quam
460 2104 602 2200 graviter
622 2118 742 2193 ferret,
766 2122 853 2202 quod
876 2120 1070 2183 voluntatem
1093 2140 1178 2183 suam

333 2217 543 2299 Interpretari
564 2239 627 2282 non
649 2219 826 2303 potuissent
847 2222 965 2286 Attici!

333 2321 479 2403 Rogatus
500 2321 610 2384 deinde
632 2323 729 2386 solvit
749 2343 893 2387 errorem
915 2324 1065 2388 omnium.

333 2419 472 2487 Domum
493 2434 525 2486 et
547 2437 820 2488 ornamentorum
844 2427 982 2490 venustis
1004 2427 1148 2491 hortulis

250 2523 253 2530 ’
333 2525 378 2588 Et
399 2522 473 2587 vina
494 2536 603 2590 vetera
624 2529 695 2590 date
719 2527 857 2592 lanificae
880 2530 1037 2593 rusticae:

333 2627 488 2701 Vestem,
511 2627 662 2705 uniones,
686 2630 877 2712 pedisequos
900 2643 932 2694 et
954 2645 1059 2695 cetera

332 2727 389 2818 Illi
405 2727 585 2815 adsignate,
610 2729 705 2795 vitam
728 2753 809 2817 quae
830 2734 909 2797 luxu
929 2735 1043 2798 trahit:

331 2832 458 2916 Agros,
480 2831 561 2896 vites
584 2843 617 2896 et
636 2855 755 2916 pecora
778 2855 847 2900 cum
869 2835 1053 2918 pastoribus

330 2931 457 2997 Donate
479 2936 640 3002 moechae.
682 2937 778 3000 Nulla
800 2921 922 3020 poterit
940 2940 1083 3022 perpeti,

330 3035 376 3097 Ut
399 3033 540 3098 moribus
562 3037 638 3119 quid
659 3049 763 3100 teneat
784 3040 917 3103 alienum
938 3041 1014 3106 suis.

329 3133 493 3199 Deformis
515 3137 633 3201 cultum
655 3142 785 3226 vendet,
809 3153 844 3204 ut
865 3141 969 3206 viuum
991 3157 1101 3226 parct;

231 3237 246 3248 “
332 3236 445 3318 Agros
467 3237 591 3301 chiiciet
612 3243 761 3318 moecha,
785 3255 820 3304 ut
842 3256 989 3311 ornatum
1010 3261 1117 3329 paret;
1191 3235 1194 3244 Δ
1217 3325 1219 3332 ¹

330 3337 376 3398 At
395 3336 611 3436 illageudens
632 3363 749 3424 pecore
770 3356 802 3406 ct
822 3345 910 3409 lanae
932 3349 1033 3412 dedita

330 3437 524 3524 Quocunque
545 3463 663 3508 summa
685 3447 786 3510 tradet
808 3448 951 3514 luxuriae
974 3453 1111 3519 domum.

327 3651 373 3682 uec
392 3635 455 3686 tecte
464 3640 501 3689 ¹1².
526 3639 564 3700 (ut
583 3645 646 3688 miro
672 3659 756 3692 errore
781 3649 876 3695 volebat
894 3648 969 3705 Gnd.)
1015 3649 1070 3711 (23)
1088 3675 1121 3688 ··
1135 3670 1245 3713 peccaro
1258 3657 1284 3701 P.
1298 3671 1311 3698 a

328 3717 365 3764 pr.
383 3708 416 3754 m.
453 3707 509 3769 (25)
527 3735 560 3746 --
578 3719 704 3770 «poteram
728 3717 809 3774 P.·p.
847 3717 904 3777 (34)
923 3745 955 3754 -
973 3722 1063 3766 ortulis
1081 3723 1110 3770 P.
1149 3724 1204 3783 (38)
1222 3740 1309 3788 agros,

327 3777 401 3838 aare]
420 3792 443 3834 p.
462 3780 490 3824 S.
508 3804 540 3815 —
558 3792 637 3841 agros
658 3785 733 3839 utiles
749 3787 780 3830 P.
802 3787 833 3832 u.
852 3813 885 3824 -
903 3791 995 3849 agros,
1027 3793 1100 3836 sillae
1119 3794 1182 3847 Gud.
1204 3797 1245 3854 (-
1258 3807 1310 3854 pec-

327 3859 387 3890 corn
404 3847 448 3892 Ρ.)
491 3847 545 3907 (tt)
563 3875 596 3888 -
614 3853 696 3896 sinum
713 3861 781 3912 petat
799 3857 818 3900 l.
840 3859 867 3906 F.
894 3859 1001 3904 Gronov.
1021 3862 1103 3911 Burm.
1141 3861 1195 3922 (tt)
1216 3877 1245 3910 =
1264 3863 1309 3908 nbi·

328 3917 377 3960 ciet
392 3918 422 3962 P.
442 3918 471 3962 ll.
490 3933 514 3975 p.
551 3918 606 3979 (ii)
629 3935 727 3966 aummc
745 3925 827 3970 trudet
843 3927 974 3989 luxuriae]
994 3943 1017 3985 p.
1036 3932 1062 3975 S.
1082 3953 1115 3966 ·-
1133 3945 1244 3980 suvnmnc
1262 3941 1306 3977 tra-

329 3983 507 4033 correxerim
524 3990 554 4036 P.
573 3991 603 4038 ll.
622 3989 667 4050 (··-
684 3991 828 4041 demutati.
848 4011 862 4042 a
886 4011 934 4044 sce.
957 3999 1048 4058 manu.)
1089 3999 1144 4062 (lh)
1162 4001 1195 4050 Et
1215 3998 1308 4058 dietam]
