2752 4718
54 485 109 548 Ad
129 480 353 566 poenitendum
374 481 472 544 rebus
493 477 665 544 manifestis
687 477 755 564 agi.

98 587 256 650 Facturus
278 583 368 648 ludos
390 583 514 666 quidam
536 583 624 648 dives
646 582 768 647 nobiles

56 687 236 772 Proposito
259 699 391 751 cunctos
411 685 556 750 invitavit
577 684 743 768 praemio,

57 792 160 871 Quam
182 790 315 875 quisque
336 801 448 872 posset
469 800 504 852 ut
526 787 697 853 novitatem
719 789 911 852 ostenderet.

56 893 186 956 Venere
208 893 346 956 artifices
366 891 465 955 lendis
487 894 527 954 sd
547 889 741 954 certamina:

59 996 149 1074 Quos
171 995 254 1058 inter
275 1015 403 1068 scurra,
427 1005 520 1058 notus
541 995 664 1056 urbano
686 993 770 1070 sele,

61 1100 192 1162 H.·.bere
215 1097 295 1160 dixit
314 1117 349 1160 se
372 1115 472 1182 genus
493 1098 685 1179 spectaculi,

60 1200 206 1280 Quodis
228 1201 354 1263 theatro
375 1218 530 1283 nrrnqumn
552 1197 712 1281 prolmnm
732 1199 831 1264 locet.

59 1303 230 1384 Dispersus
250 1317 363 1366 rumor
385 1302 544 1366 civitatem
567 1302 719 1366 concitet.

60 1405 175 1474 Paullo
196 1415 269 1468 ente
290 1425 389 1468 veona
411 1408 535 1467 turbam
558 1405 707 1468 deliciunt
729 1405 813 1470 ioca·

61 1509 96 1571 In
120 1527 214 1570 scena
236 1527 314 1571 vero
335 1517 505 1592 postquam
527 1508 613 1572 solus
636 1505 777 1571 constitit

65 1611 135 1675 Sine
157 1622 326 1694 apparatu,
350 1609 445 1673 nullis
466 1609 682 1684 adiutoribus,

62 1713 223 1776 Silentium
244 1712 312 1795 ipsa
333 1711 409 1776 feeit
432 1712 642 1794 exspectatio.
750 1695 751 1702 ἵ

62 1815 119 1878 Ille
138 1816 172 1878 in
192 1814 292 1880 sinum
316 1825 445 1898 repente
467 1813 591 1880 demisit
612 1823 709 1901 eaput

63 1919 104 1981 Et
124 1918 170 1982 sio
189 1917 325 2002 porcelli
346 1939 458 1982 vocem
482 1929 530 1982 est
551 1917 688 1981 imitatus
710 1939 784 1996 suu,

64 2021 179 2084 Verum
201 2031 237 2084 nt
257 2021 387 2084 subesse
408 2020 506 2103 pallio
528 2023 757 2086 contenderent

63 2124 108 2188 Et
129 2124 233 2189 excuti
255 2123 414 2194 inherent.
459 2124 533 2205 Quo
555 2125 642 2189 fecto
664 2123 757 2187 simul

65 2225 148 2289 Nihil
171 2235 220 2290 est
240 2237 423 2310 repertum,
447 2226 551 2292 miultis
575 2240 710 2291 onerant
730 2224 875 2290 laudibus

65 2329 294 2412 Hominemque
314 2330 427 2412 plausu
447 2341 686 2412 prosequuntur
707 2329 861 2395 maximo.

66 2433 137 2496 Hoc
155 2432 233 2496 vidit
253 2432 324 2496 lieri
345 2431 495 2496 rusticus.
539 2434 616 2496 Non
637 2433 818 2495 mehercule

67 2533 124 2598 Me
144 2528 277 2613 vincet,¹
291 2535 411 2621 inquit:
435 2546 466 2598 et
488 2534 590 2596 stetim
611 2533 778 2616 professus
799 2544 848 2598 est

66 2635 149 2700 Idem
169 2638 326 2704 facturum
348 2637 457 2700 melius
478 2657 513 2700 se
535 2636 703 2719 postridie.

67 2737 116 2802 Fit
136 2741 227 2803 turba
249 2738 363 2805 maior.
407 2739 473 2804 Ism
494 2738 591 2804 lavor
612 2751 731 2803 mentes
753 2749 839 2802 tenet

66 2841 106 2904 Et
127 2841 305 2919 derisurus,
328 2864 394 2908 non
414 2853 636 2925 spectaturus,
660 2839 746 2908 silet.

67 2943 205 3030 Uterque
226 2945 349 3030 prodit.
393 2948 511 3012 Scurra
533 2943 705 3030 degrunnit
725 2943 818 3032 prior

68 3165 96 3210 ii.
119 3166 177 3212 sitit
194 3170 307 3225 netem
325 3169 367 3212 ssd
391 3180 462 3226 quum
482 3167 528 3213 tte.
550 3167 632 3213 Puris.
654 3167 707 3224 ipss
733 3179 826 3225 quoque
843 3167 951 3213 rideatur
973 3169 1062 3217 hebere

67 3236 151 3292 sitm,
169 3242 193 3282 et
209 3237 300 3282 Gudins
315 3237 449 3296 fligeitinne
467 3237 545 3295 ulique
558 3250 614 3282 unns
630 3237 677 3292 sit,
696 3251 739 3281 nse
757 3237 809 3292 ipse
828 3249 922 3295 quoqne
934 3239 1061 3298 quidquem

69 3307 165 3360 notsrit,
197 3307 248 3351 sins
266 3307 338 3352 dublo
357 3319 385 3352 ex
404 3309 457 3364 ipso
478 3305 522 3352 Cd.
542 3307 612 3352 Rem.
638 3306 671 3350 its
697 3307 760 3351 dedit
777 3306 905 3366 liigsttius.
928 3309 1064 3368 -putm’

69 3373 95 3419 P.
111 3381 171 3421 teste
184 3377 318 3436 Bongersio
326 3409 335 3434 ‚
354 3379 395 3424 sed
408 3379 500 3422 ridetur
514 3390 586 3422 error
599 3380 667 3420 nutus
680 3389 692 3422 e
710 3377 828 3431 scripturn
840 3376 952 3422 Codicis:
972 3377 1062 3424 uuani-

70 3465 99 3478 -
116 3447 229 3504 reputavi
245 3459 270 3502 p.
290 3448 316 3492 8.
353 3447 501 3500 „pithoeum
521 3445 649 3504 reputavi,
667 3443 734 3490 merl
752 3447 901 3503 coniectura,
921 3448 1063 3505 qnsmscri·

68 3519 157 3568 pteram
174 3515 235 3560 cod.
260 3517 400 3562 existimans
425 3517 517 3572 recepit
543 3515 679 3561 Schwnbius
698 3529 752 3562 tum
775 3515 847 3572 sttn3
875 3517 1062 3574 cilaniantem,

68 3595 122 3628 reru
139 3585 224 3640 lectio,
252 3591 277 3629 ut
292 3585 390 3644 etigunt
411 3587 561 3642 coniectura,
589 3585 704 3630 reiectum
726 3585 787 3630 est.’'
804 3586 882 3630 Bene.
920 3587 945 3630 ld
965 3588 1063 3631 omnino

69 3658 155 3698 eertum
175 3659 212 3700 est
228 3656 340 3714 reputent
357 3669 404 3700 non
422 3671 475 3702 csse
495 3657 519 3702 in
537 3657 567 3700 Ρ.
604 3653 657 3710 (10)
675 3653 804 3714 deprensi]
823 3655 906 3702 Burin.
925 3657 951 3701 8.
970 3677 1004 3690 -
1021 3655 1064 3699 ds-

66 3720 182 3778 pretence·
198 3725 229 3769 Ρ.
249 3737 273 3781 p.
298 3722 392 3787 (lind),
399 3723 541 3784 perierunt]
558 3725 588 3773 Ρ.
608 3737 632 3783 g.
651 3725 828 3784 deperierint
847 3739 871 3781 p.
896 3725 921 3771 8.
953 3721 1011 3783 (tt)
1026 3728 1065 3769 est

69 3789 179 3851 dono1p.
199 3796 226 3841 S.
244 3817 278 3834 -ι-
296 3794 360 3840 bono
377 3801 415 3842 eet
431 3797 461 3841 P.
480 3796 511 3840 n.

117 3861 175 3914 Fu.
192 3866 225 3910 V.
261 3862 302 3921 (1)
331 3862 422 3924 Pravo]
450 3865 480 3910 tt.
506 3865 595 3925 Rigalt.
616 3863 641 3910 8.
662 3875 790 3923 -pereo
810 3865 840 3910 Ρ.
859 3865 929 3920 Μ.
948 3856 1065 3923 (-10ct

69 3929 96 3974 Ρ.
118 3929 162 3990 u.)
200 3930 240 3992 (ll
258 3932 361 3994 quidem
377 3933 447 3982 disse
464 3933 570 3994 nolim]
588 3935 802 3982 sucessuum.
822 3959 855 3969 -
872 3931 973 3994 quidem
994 3928 1063 3976 diser

71 3999 159 4054 ¹1⁰⁶th
175 4003 205 4056 P·
226 4003 257 4052 li·
277 4017 303 4063 p·
328 4027 361 4046 a·
390 4003 459 4056 drea
483 4003 583 4064 quidam
614 4009 639 4050 st
660 4003 752 4050 notizie
776 4001 807 4048 N.
834 4004 862 4050 8.
913 3999 951 4060 (d)
966 3997 1062 4063 posset]
