2776 4718
1029 276 1090 359 rm

78 441 178 502 Hunc
202 460 281 521 ager
303 461 374 500 cum
397 441 579 521 pun-iret
600 440 668 521 ipsa
691 439 831 522 suscepit
851 439 949 501 sinu

78 545 159 624 Ipsa
182 543 298 604 florum
322 541 518 604 delicatis
541 541 686 604 educavit
708 542 825 606 osculis

80 645 166 710 Cras
176 657 257 706 amet
269 644 322 726 qui
331 631 489 728 nunquam
497 644 611 706 amavit
622 644 739 728 quique
751 645 866 710 amavit
874 667 943 708 eras
953 657 1035 709 amet
1046 646 1087 708 80

78 751 171 811 Ecce
193 748 251 809 ism
275 769 372 828 super
395 759 541 830 genesus
565 747 702 828 explieat
724 747 807 811 aonii
829 749 910 812 istus
1038 746 1043 754 “

80 849 228 932 Quisque
251 862 342 912 tuus
364 872 430 933 quo
452 863 577 912 tenetur
600 873 682 912 cum
705 850 836 932 iugali
857 852 1000 915 redere

80 955 202 1016 Subter
219 957 344 1014 umbras
360 975 429 1014 cum
448 953 566 1015 maritis
589 955 898 1021 eccevalantum
914 975 1086 1039 gregum

79 1059 128 1120 Et
151 1077 329 1118 canores
352 1077 416 1119 nou
439 1067 545 1118 tacere
569 1055 639 1117 diva
662 1037 754 1118 iussit
776 1055 866 1118 alites

80 1161 150 1223 lam
166 1159 320 1242 loquaces
336 1179 393 1222 ore
409 1181 506 1221 rauco
529 1171 672 1244 stagna
693 1157 1030 1244 cigni'perstrepuu't
1046 1162 1086 1224 85

81 1261 1087 1346 Adsouanteaereipuellaesupterumhrampopuli

81 1368 130 1430 Ut
148 1377 271 1447 putas
296 1377 399 1429 motus
424 1365 541 1428 amoris
563 1387 620 1429 ore
643 1365 812 1428 dicimus
835 1365 847 1427 i
869 1353 914 1429 cu

81 1473 114 1533 E
132 1481 175 1530 et
196 1489 293 1553 neges
316 1467 435 1552 queri
458 1489 602 1531 sororem
626 1473 664 1532 de
688 1467 799 1532 marito
822 1459 962 1534 barbaro

81 1574 143 1637 lua
167 1584 272 1634 censat
292 1593 351 1636 nos
374 1583 511 1634 tacemus
534 1574 696 1653 quiando
720 1593 790 1635 ver
813 1571 899 1634 venit
920 1594 1023 1636 meum

83 1678 221 1756 Quando
237 1675 386 1737 faciam
403 1686 444 1736 ut
467 1674 632 1738 celidon
647 1687 685 1736 ut
707 1673 1019 1738 taceretdesiusm
1045 1675 1086 1740 90

82 1779 333 1844 Perdidimus
356 1779 581 1842 auterendo
604 1777 647 1840 ni
668 1799 717 1842 me
738 1764 860 1842 foebus
875 1773 1005 1860 respicit
1038 1837 1042 1844 .

84 1883 139 1946 Sic
162 1883 308 1944 umidas
331 1903 400 1944 rum
423 1891 544 1944 taceret
565 1878 746 1962 perdidit
768 1879 925 1943 silentium

84 1985 168 2051 Cras
181 1985 326 2070 ametqui
341 2005 497 2068 uunquam
508 1958 625 2048 dmauit
640 1983 757 2068 quique
774 1983 891 2052 amavit
906 2005 978 2076 crus
989 1994 1085 2047 amet.

113 2187 179 2234 =78.
201 2189 313 2246 prurire!
338 2202 391 2233 cum
418 2189 459 2231 liu.
490 2189 571 2232 subter
589 2189 625 2232 lu.
644 2203 671 2245 p.
709 2188 736 2231 Id
755 2192 792 2232 est
808 2189 919 2246 proprie,
936 2186 1088 2252 parturiret..

83 2258 127 2304 88.
148 2257 238 2320 neges]
257 2251 400 2304 Sic'flaulh.
422 2259 474 2302 sm.
496 2261 582 2316 legisse
600 2259 693 2302 videtur
711 2271 796 2318 reges.

496 2543 695 2562 *ε
