2816 4716
986 299 1122 398 ,ε’

113 453 206 518 valde
224 453 390 519 evanidam
408 466 441 520 et
460 456 620 534 vitiatum,
642 458 841 548 lectionique
863 483 954 547 saepe
975 463 1094 548 imper·
1193 461 1196 476 “

112 555 220 636 vium)
249 556 343 622 uobis
369 559 502 634 obtulit;
538 561 653 626 iterum
680 583 759 629 voro
790 585 820 627 a.
846 565 937 630 1811.
964 567 1092 631 lacunae

110 659 228 741 partim
262 661 375 724 codice
407 663 577 744 patientins
609 665 716 742 lecto,
753 667 869 748 partim
900 668 1093 734 coniecturis

109 763 176 826 suis
199 764 372 844 permultas
400 765 554 848 explevit.
599 767 760 847 Quaenam
780 769 899 834 fuerint
922 775 1093 837 doctorum

106 887 170 948 per
185 867 349 948 Europam
368 865 512 932 virorum
528 871 566 932 de
582 870 630 932 his
644 870 780 946 tabulis,
802 884 970 958 postquam
987 874 1094 938 divul-

109 979 202 1052 gatae
222 981 310 1044 sunt,
346 969 479 1045 iudicia,
516 971 640 1038 referre
661 995 726 1038 non
747 987 856 1050 vacat;
892 999 992 1063 eaque
1018 977 1092 1041 satis

109 1091 310 1154 cognoscere
328 1071 403 1136 licet
421 1073 472 1137 vel
491 1073 524 1136 in
539 1076 643 1142 nobili
659 1079 800 1141 Phaedri
815 1078 972 1156 editione,
995 1101 1091 1166 quam

107 1173 244 1238 Parisiis
264 1195 347 1239 anno
370 1177 465 1240 1826.
490 1179 614 1243 duobus
635 1179 734 1244 iustae
757 1182 849 1246 molis
877 1181 1091 1246 voluminibus

105 1275 288 1340 elaboravit
320 1277 385 1341 Vir
409 1279 464 1343 Cl.¹
488 1281 644 1346 Nicolaus
674 1283 872 1348 LemaerIus.
918 1284 1004 1350 Mihi
1027 1287 1092 1350 hoc
1187 1329 1191 1336 ·

106 1399 203 1442 uuum
225 1382 427 1464 propositum
454 1395 516 1459 est,
541 1397 574 1447 ut
595 1398 626 1449 et
643 1387 868 1452 Farne'siaunm
888 1387 1092 1464 otim-nunu

105 1484 370 1578 Neapolitanum,
409 1486 552 1550 codicem
578 1490 662 1552 haud
689 1489 816 1552 unicum
842 1489 874 1552 in
896 1491 1090 1565 orheasse,

105 1589 197 1672 quod
220 1589 369 1651 hacteuus
401 1588 557 1652 creditum
586 1590 663 1666 suit,
702 1595 1003 1667 demonstrem;.at
1025 1591 1091 1658 alio

105 1689 250 1753 melioris
267 1691 366 1754 multo
381 1703 512 1756 naturae
528 1691 681 1768 invento,
703 1694 830 1758 lacunas
846 1715 956 1758 omnes
967 1693 1095 1776 prioris·

106 1791 229 1857 codicia
261 1795 344 1858 hand
378 1794 441 1857 iam
469 1795 533 1858 ulla
563 1795 747 1878 coniectura
771 1797 822 1862 vel
849 1795 996 1880 iugenio,
1033 1800 1094 1860 aad

104 1893 173 1977 ipsa
196 1896 349 1980 genuinae
373 1897 521 1963 lectionis
542 1899 676 1983 veritate
697 1911 798 1962 sertas
821 1887 1002 1964 exhiheam.
1090 1927 1094 1937 ¹
1129 1969 1132 1978 ‚

170 2001 229 2063 Est
247 1999 300 2062 hic
322 2003 443 2076 codex,
466 2000 522 2086 qui
537 2001 736 2066 Perottinam
752 2002 894 2066 Phaedri
907 2000 1092 2088 Avianique'

103 2103 267 2188 epitomen
290 2125 389 2190 aeque
404 2125 443 2167 aa
462 2093 692 2186 Neapolitanus
708 2103 867 2182 continet,
891 2128 908 2168 a
924 2115 972 2169 nte
987 2115 1091 2187 nuper

104 2205 295 2272 observatus
319 2205 402 2268 inter
424 2207 791 2273 vaticanos-Urbinates
812 2229 845 2273 a.
868 2208 943 2272 368.
969 2205 1002 2292 in
1024 2207 1087 2272 fol.

102 2309 339 2394 speciosissima
358 2307 570 2395 calligraphia
588 2309 621 2374 in
635 2310 825 2376 membranis
836 2311 992 2394 scriptus,
1015 2331 1088 2372 cum

101 2413 173 2477 auri
198 2412 426 2498 variorumque
449 2411 595 2477 colorum
617 2413 650 2476 in
674 2415 783 2478 fronte
805 2413 989 2490 ornatibus,
1012 2412 1085 2496 qoi-

102 2519 164 2580 bus
187 2515 290 2602 genii,
313 2515 434 2592 flores,
457 2516 623 2591 volueres,
654 2517 827 2603 heluaeque
850 2513 1084 2598 exprimuntur.

102 2617 218 2685 Primo
241 2629 343 2682 antem
365 2617 397 2681 iu
419 2617 504 2684 folio
527 2629 646 2702 septem
670 2607 863 2686 ornatissimi
890 2616 1002 2682 circuli
1020 2618 1087 2681 effi-

104 2722 253 2808 giantur,
275 2743 412 2808 quornm
433 2720 553 2785 medius
572 2743 610 2786 aa
625 2722 778 2786 maximus
793 2721 840 2786 eie
855 2718 958 2785 aurcis
974 2743 1086 2785 caeru·

101 2823 224 2911 leiaque
253 2823 356 2888 literis
386 2823 549 2912 loquitur:
579 2825 616 2888 in
637 2828 699 2892 hoc
716 2823 1085 2914 pulcherrimo-codice

101 2929 320 2994 continentur
350 2929 507 2992 nonnulli
530 2937 653 3012 poe'lae
681 2927 798 2992 Latini
826 2927 995 3003 inniorea,
1026 2925 1088 3012 qni

100 3034 139 3097 in
152 3031 383 3114 circumpietia
398 3031 534 3096 circulie
548 3044 629 3096 aunt
643 3032 812 3096 annotati.
856 3031 894 3093 Iu
912 3030 962 3092 his
981 3041 1091 3093 autem

101 3135 236 3201 circulis
263 3135 382 3218 legitur
419 3139 450 3197 1.
473 3135 711 3218 christophori
745 3133 895 3206 Londini
923 3134 1082 3198 Xandra.

100 3241 135 3306 2.
158 3238 358 3304 Callimachi
373 3237 505 3318 (Veneti
517 3237 653 3319 scilicet)
668 3239 931 3321 epigrammata.
963 3237 995 3300 3.
1012 3239 1085 3302 NI·
1183 3289 1193 3314 ,

100 3344 246 3410 COLAI
275 3343 488 3408 PEROTTI
519 3343 884 3408 EPIGRAMMATA
916 3343 985 3404 ET
1009 3341 1084 3404 FA-

100 3448 270 3514 BULAE·
309 3445 338 3510 1.
360 3443 505 3510 Antonii
522 3443 742 3508 Panormitae
756 3442 1082 3526 Hermaphroditus.

100 3553 134 3616 5.
163 3548 422 3614 Bartholomaei
443 3547 636 3613 Contradae
658 3550 789 3632 ecloga.
848 3551 889 3610 (ι.
911 3542 1082 3610 francisci

99 3651 240 3721 Potritii
258 3653 393 3736 calogo.
445 3653 477 3714 l.
500 3649 654 3716 Maraaii
682 3649 788 3726 &auli
818 3649 960 3734 elegiae.
1011 3646 1081 3709 Iam

99 3777 181 3822 vero
210 3751 336 3822 omissio
360 3751 469 3838 poetis
497 3753 629 3829 ceteris,
666 3752 722 3840 qui
748 3755 874 3818 adrem
898 3773 995 3814 meam
1016 3769 1081 3812 uon

98 3855 279 3945 pertinent,
314 3875 391 3940 para
410 3853 466 3918 illa
490 3853 628 3932 codicis,
658 3878 738 3943 quae
764 3855 963 3921 Perottinam
984 3855 1081 3916 habat

99 3947 281 4048 epitomen,
302 3956 419 4044 incipit
438 3955 500 4024 aa.
527 3957 599 4022 too.
623 3947 800 4045 aestuatque
821 3959 882 4022 aa.
909 3957 980 4021 aa.
