2752 4718
50 457 261 542 Persequitur
281 455 368 523 illum
391 459 467 522 dura
490 457 546 522 nn
568 457 703 524 miseria.

91 561 175 624 Galli
199 559 349 641 Cybebes
366 559 490 624 meorum
511 561 547 630 iu
569 574 716 646 qrroestus
740 565 853 628 ducere

50 663 179 726 Asinum
203 664 348 726 solebant
368 663 557 728 baiulantem
579 665 729 730 turcinas.

50 766 81 830 Is
103 789 197 850 quum
219 767 331 830 labore
353 777 384 831 et
404 766 508 850 plagis
531 780 613 830 esset
636 780 798 844 mortrrns,

51 869 198 932 Detracta
221 869 304 950 pelle
326 867 386 933 siti
407 869 552 932 lecerunt
573 882 734 952 tympana.

52 971 168 1055 Rogati
191 991 265 1034 mox
287 993 305 1034 a
327 975 461 1057 qrrodam
486 973 598 1036 delicio
621 995 699 1052 suo,

53 1074 201 1152 Quidnam
224 1073 398 1138 fecissent?
419 1076 482 1138 hoc
503 1074 600 1138 locuti
623 1088 696 1138 sirut
719 1079 833 1140 ruodo:

55 1179 186 1240 Putabat
207 1197 241 1240 se
262 1189 337 1258 post
359 1187 492 1240 mortem
515 1198 660 1248 securum
681 1179 775 1254 sore;

55 1281 137 1343 Ecce
158 1279 238 1342 aliae
259 1280 372 1364 plagae
394 1292 611 1364 congeruntur
633 1294 774 1345 mortno.

466 1497 564 1559 [run.
589 1499 639 1560 ιι.)

458 1631 630 1716 rodun.
713 1647 715 1659 ’

92 1791 237 1856 Ioculare
258 1789 318 1854 tibi
337 1789 485 1854 videturt
507 1801 540 1854 et
559 1810 634 1854 sanc
656 1789 740 1867 levi,

55 1892 134 1957 Dum
155 1894 403 1958 nihilhal'semus
425 1892 543 1968 maius,
568 1893 690 1957 calamo
713 1891 861 1958 ludimus.

58 1997 115 2060 Sed
136 1997 304 2082 diligenter
324 1997 447 2060 intuere
469 1997 524 2060 tras
547 1996 693 2061 naeniast

57 2099 206 2178 Quantam
228 2102 287 2164 sub
309 2099 369 2162 illis
390 2098 553 2162 utilitatem
576 2099 733 2182 reperies!

57 2202 125 2265 Non
146 2225 271 2285 semper
293 2224 330 2266 ea
352 2210 441 2278 sunt,
465 2223 545 2286 quae
567 2202 730 2266 videntur:
754 2201 872 2284 decipit
1026 2205 1045 2266 5

57 2303 155 2368 Frons
176 2307 277 2388 prima
299 2308 433 2380 multos;
454 2325 527 2368 rara
550 2326 635 2368 mens
657 2305 831 2390 intellegit,

58 2407 147 2486 Quod
165 2407 318 2472 interiore
340 2409 479 2474 condidit
500 2429 577 2470 eure
599 2409 729 2491 angulo.

57 2510 125 2573 Hoc
146 2533 184 2574 ne
205 2512 332 2579 locutus
354 2512 420 2576 sine
442 2511 586 2575 mercede
608 2509 791 2584 existimer,

57 2612 212 2676 Fabellam
233 2611 373 2678 adiiciam
398 2615 439 2678 de
459 2613 592 2676 mustela
620 2623 651 2674 et
672 2613 824 2676 munibus.

95 2717 251 2792 Mustela,
275 2703 371 2799 quum
394 2715 481 2780 annis
504 2728 535 2778 et
555 2729 681 2780 senecta
694 2701 818 2778 'debitis
1009 2693 1076 2781 10*
1155 2709 1159 2714 ¹

58 2818 165 2884 Mures
186 2820 314 2882 veloces
336 2839 403 2882 uon
424 2818 548 2882 valeret
570 2818 713 2904 adsequi,

59 2921 192 2987 Involvit
213 2944 248 2986 se
269 2921 371 2986 farina
392 2931 424 2984 et
446 2922 586 2985 obscuro
608 2922 682 2986 loco

58 3024 176 3090 Abiecit
197 3025 418 3110 neglegenter.
463 3025 540 3086 Mus
563 3045 665 3086 escam
687 3035 798 3106 putens

60 3128 189 3192 Adsiluit
210 3140 242 3192 et
264 3147 465 3210 compressus
488 3126 637 3192 occubuit
658 3127 741 3192 neci.

61 3345 87 3392 ll.
104 3363 126 3404 p.
163 3346 221 3408 (12)
245 3367 280 3386 ·-
305 3347 416 3394 illuserit
432 3347 494 3394 Guel.
517 3347 611 3394 Omittit
628 3349 689 3396 tunc
705 3363 729 3396 r.
749 3349 779 3394 N.
811 3351 926 3407 Rrotier‚
957 3354 1051 3398 Schwa-

61 3416 120 3472 bins,
139 3420 202 3466 zen.
223 3419 277 3464 hnic
303 3418 366 3462 libro
389 3417 517 3476 Epilogum
535 3420 622 3464 addunt
640 3419 695 3462 Lib.
715 3421 757 3464 Ν.
779 3421 840 3466 Fet..
862 3418 903 3466 2⁵.
924 3423 1000 3470 Codd.
1019 3425 1050 3470 P.

61 3491 81 3530 et
95 3488 139 3547 ll.;
158 3490 286 3548 prologum
304 3492 383 3532 entem
400 3489 472 3532 iidein
492 3487 603 3532 Editores
622 3490 729 3546 sequenti
749 3491 810 3534 libro
830 3500 977 3546 praeponunt
1002 3495 1052 3548 epi·

60 3557 133 3614 tognru
162 3559 217 3602 libri
242 3559 285 3602 Ν.
311 3558 372 3612 opud
390 3557 532 3611 Pithoernr,
565 3559 614 3600 sive
636 3559 696 3613 apud
720 3560 803 3604 Burin.
841 3563 967 3620 prologum
984 3562 1052 3608 Libri

59 3625 86 3670 V.
104 3626 182 3687 Quom
198 3626 375 3674 destinassem.
413 3625 462 3670 Nos
481 3627 588 3672 eodieutn
606 3628 715 3674 ordinem
732 3631 883 3674 retinuimus.

103 3697 187 3741 ΗΒΚ(
217 3699 261 3742 Ν.
303 3698 363 3742 Par.
391 3696 412 3740 1.
450 3693 488 3751 (3)
514 3693 633 3755 estates]
656 3697 687 3742 P.
712 3699 743 3742 ll.
774 3700 800 3742 S.
828 3723 861 3734 -·
891 3697 995 3758 creater
1024 3714 1047 3754 p.

59 3765 136 3820 (itit.)
161 3768 257 3812 eir-cum
279 3767 306 3811 in
328 3763 457 3826 quoactus]
477 3764 539 3810 Gnd.
559 3766 585 3810 S.
605 3789 638 3800 -
655 3768 752 3812 circum
769 3774 870 3826 questus
890 3773 949 3824 (sie)
966 3772 996 3814 P.
1018 3769 1048 3814 R.

59 3847 79 3887 r·
113 3835 149 3892 (7)
165 3846 208 3886 ω,
221 3835 335 3882 detractu
353 3850 366 3878 e
380 3835 448 3893 pelte
465 3835 580 3882 ltittersh.
601 3836 683 3882 Burro.
703 3837 788 3884 Bothe.
826 3837 861 3894 (8)
879 3859 915 3872 ·-
932 3838 1051 3884 delicioso

59 3903 84 3949 P.
102 3919 116 3948 o
135 3920 185 3954 ser.
203 3919 236 3970 m,
275 3904 330 3960 (11)
348 3903 454 3964 mortuo]
474 3919 498 3962 p.
520 3906 547 3950 S.
567 3929 600 3940 -
618 3908 711 3952 mortui
728 3907 759 3952 P.
778 3921 803 3965 g.
1105 3909 1109 3919 ‘

105 3976 165 4020 Pas,
176 3975 209 4025 tt.
228 3975 265 4032 (1)
273 3973 436 4032 -Ioculoree
442 3975 488 4022 ts'ds'
493 3973 607 4022 ridentur
613 3977 697 4030 lleios.
707 3977 792 4024 Bothe.
804 3971 1050 4034 (thid.)1eui]Seheff.
