2816 4716
270 905 582 998 ulconnns
618 886 941 1001 rnnonnns

368 1073 573 1134 PONTIFEX
594 1076 837 1138 SIPONTINUS

114 1208 1097 1328 n1n0unuuoounnnn1o

312 1371 517 1420 vt'rssttssutttst
535 1373 670 1420 CONClVl
688 1375 750 1422 SUO
768 1377 794 1432 S,
814 1377 844 1422 Ρ.
863 1377 894 1421 D.

505 1551 691 1566 W

174 1717 273 1798 Quod
298 1731 374 1802 post
400 1719 552 1803 epistolas
585 1731 726 1797 nostras,
763 1741 842 1806 quas
869 1729 959 1784 tanto
988 1718 1096 1785 studio

107 1819 287 1905 collegisti,
321 1821 616 1888 versiculosetiam
638 1834 769 1890 nostros
792 1819 982 1907 collegeris,
1010 1820 1095 1886 etin

106 1921 250 1988 libellum
285 1923 505 2010 disposueris,
538 1949 605 2012 ago
638 1924 700 1990 tibi
732 1924 929 2010 immortales
960 1923 1095 2010 gratias·

105 2025 261 2112 Intelligo
282 2027 385 2106 enim,
404 2027 514 2117 quanti
529 2015 641 2094 nostra
661 2029 767 2094 omnia
783 2025 901 2105 iacias,
925 2047 1095 2114 quam‘nos

104 2151 210 2206 ames,
233 2141 382 2218 quantum
397 2131 484 2197 laudi
496 2143 529 2197 et
544 2131 669 2220 gloriae
681 2144 810 2199 nostrae
825 2131 985 2199 consulas.
1028 2132 1095 2196 Sed

103 2231 340 2316 providendum
352 2233 414 2299 tibi
428 2247 491 2312 est,
514 2259 553 2301 ne
569 2237 658 2302 cuins
676 2234 910 2302 immortalitati
926 2245 1095 2318 tantopere
1198 2251 1201 2258 ·

103 2339 230 2413 studes,
253 2337 321 2402 eius
348 2338 508 2422 praesenti
537 2337 766 2406 existimationi
793 2359 860 2404 non
887 2329 1096 2402 mediocriter

103 2441 268 2504 detrahas.
312 2444 392 2506 Sunt
421 2441 522 2519 enim,
559 2453 595 2506 ut
629 2445 670 2506 ad
700 2454 733 2506 te
769 2440 847 2504 alias
877 2443 916 2504 de
947 2435 1094 2522 epistolis
1176 2475 1178 2480 .

105 2541 237 2626 scripsi,
272 2542 356 2609 inter
388 2545 566 2612 versiculos
594 2556 726 2610 nostros
754 2541 870 2630 aliqui,
904 2541 987 2628 q'uos
1013 2537 1092 2604 olim

104 2646 321 2713 adolescentes
335 2647 484 2725 lusimus,
506 2648 563 2736 qui
581 2649 610 2713 si
628 2649 689 2712 hac
710 2635 812 2712 aetate
834 2656 865 2710 ct
884 2641 1090 2739 professione

103 2759 223 2824 nostra,
234 2749 348 2834 scripti
369 2774 387 2816 a
407 2751 502 2817 nobis
518 2751 718 2828 viderentur,
739 2749 809 2814 iure
823 2749 961 2815 fortasse
975 2765 1089 2830 repre·

44 2876 47 2887 ¹
101 2851 258 2918 hensione
277 2854 366 2939 digni
379 2867 580 2938 putaremur:
605 2853 699 2918 relati
713 2875 792 2917 vero
806 2855 846 2916 ad
862 2873 929 2915 eam
941 2859 1086 2944 aetatem,
1107 2915 1111 2928 ‚

100 2953 185 3020 nibil
211 2978 277 3042 quo
308 2957 432 3042 culpari
457 2961 675 3042 possemusll,
711 2959 879 3020 haberent.
912 2947 1088 3035 ,Permissa

102 3057 224 3145 quippe
253 3059 370 3125 iamdiu
403 3073 450 3126 est
479 3063 559 3128 haec
589 3059 717 3126 ludendi
745 3059 872 3124 licentia
898 3079 963 3122 non
986 3055 1085 3118 modo

100 3162 375 3240 adolescentibus,
399 3165 566 3231 sedetiam
589 3163 797 3251 gravioribus
811 3161 945 3252 'po'c'tis;
975 3176 1087 3245 quam·

99 3287 195 3352 quam
211 3289 228 3331 a
243 3267 338 3331 nobis
354 3271 397 3332 ob
413 3269 619 3353 pontificatus
631 3269 816 3355 dignitatem
832 3265 932 3330 aliena
947 3263 1086 3327 fortasse

98 3382 212 3454 posset
232 3369 421 3436 existimari.
464 3373 514 3438 Da
545 3371 646 3458 igitur
670 3393 820 3454 operam,
853 3380 887 3432 ut
905 3363 1085 3448 intelligant

99 3473 260 3559 legentes,
296 3498 378 3561 quae
404 3476 659 3560 adolescentibus
685 3473 780 3539 nobis
808 3485 840 3538 et
867 3470 953 3534 nulla
979 3469 1084 3530 adhuc

99 3577 258 3663 dignitate
277 3578 431 3663 praeditis
452 3579 648 3658 exciderint,
671 3600 752 3665 quae
767 3579 828 3641 hac
842 3585 943 3640 aetate
962 3566 1083 3652 scripta

150 3777 189 3840 (1)
213 3781 249 3826 lta
267 3781 392 3838 perspicua
410 3786 434 3826 et
451 3795 493 3837 per
511 3785 674 3830 extensumin
693 3783 755 3828 Cod.
771 3783 826 3826 vat.
864 3777 894 3822 m
909 3775 982 3820 editio
993 3766 1077 3825 ‘Neam

94 3847 211 3901 illarius.
248 3852 295 3896 Sed
314 3851 377 3898 euim
396 3853 471 3896 codex
488 3851 539 3910 ipsc
556 3854 631 3910 Neap.
651 3854 708 3900 mibi
728 3857 756 3898 ad
776 3851 899 3911 legendum
919 3845 1020 3893 connitor
1037 3840 1081 3884 ob·

94 3922 174 3977 latus,
206 3923 243 3967 val
258 3917 354 3967 Manno
372 3921 481 3976 exhibet,
513 3925 551 3968 vel
572 3929 671 3983 propter
691 3923 861 3970 obscuritatem
885 3921 933 3963 tute
957 3913 1004 3976 legi
1032 3923 1079 3955 non

93 3995 184 4048 potest.
220 3989 260 4050 (2)
279 3991 340 4040 Cod-
355 4004 457 4052 [νουσα.
476 3991 546 4038 MAI.
