2846 4736
1015 233 1019 262 1

1093 333 1131 398 21

135 466 249 548 priore
281 465 409 529 secundi
443 477 534 548 parte
566 469 597 530 in
629 471 806 562 συναγωγῇ
825 491 885 533 stra
923 471 1132 553 compilando.

134 568 223 632 Mihi
240 567 369 632 Perotti
391 570 553 650 exemplar
579 569 677 634 fuisse
702 571 828 636 videtur
851 573 984 658 originis
1004 573 1132 638 Italicae

135 673 283 753 adeoque
303 669 448 734 lectionis
471 693 489 734 a
512 671 633 736 Gallica
652 674 704 736 illa
726 673 815 737 Pitb.
839 675 933 739 Rem.
957 676 1041 739 Dan.
1057 679 1132 740 satis

134 771 292 839 diversae.
349 772 484 856 Triplex
506 786 617 850 autem
635 797 734 860 genus
758 787 806 838 est
825 777 994 840 lectionum
1014 779 1133 842 Perot-

132 874 286 938 tinarum.
329 877 412 938 Nam
443 876 618 952 interdum,
651 877 705 940 ubi
724 880 896 960 depravata
923 891 992 943 erat
1015 879 1132 946 familia

134 975 281 1053 Gallica,
304 978 383 1040 haec
402 978 533 1054 Itaiica,
551 979 602 1042 vel
614 979 694 1055 sola,
710 981 761 1042 vel
777 980 868 1044 etiam
889 981 1017 1050 firmans
1040 1004 1132 1066 saga·

131 1078 276 1144 cissimas
290 1101 431 1163 quasque
447 1079 641 1146 Criticorum
657 1081 864 1160 coniecturas,
888 1104 995 1164 rerem
1015 1088 1131 1167 pob'tae

131 1204 260 1254 manum
277 1181 436 1258 servavit;
459 1181 613 1256 interdum
631 1183 774 1268 integros
796 1185 991 1266 versiculos,
1015 1188 1130 1270 quiex

131 1287 231 1350 Rem.
253 1295 284 1348 et
303 1283 391 1348 Pith.
412 1284 612 1362 exciderant,
636 1285 750 1350 nemini
769 1298 856 1350 certe
877 1299 1004 1369 praeter
1025 1289 1129 1352 Phae-

130 1389 225 1450 drum
247 1387 349 1468 ipsum
368 1388 566 1452 tribuendos.
596 1387 669 1452 cu.
703 1411 737 1452 v.
769 1409 803 1468 c.
833 1389 909 1452 Lib.
933 1389 966 1453 5.
989 1392 1071 1454 Feb.
1097 1395 1127 1466 1.

130 1501 218 1554 extr.
242 1491 274 1554 2.
304 1488 406 1556 initio.
448 1491 516 1578 Iam
543 1490 639 1565 talia,
673 1511 754 1573 qtrae
777 1512 811 1553 sc
843 1491 976 1578 interna
994 1513 1049 1556 sua
1074 1515 1128 1556 vc·

127 1592 225 1656 ritate
266 1592 549 1666 commendabant,
584 1591 770 1674 minimeque
805 1593 969 1670 Perotto,
1009 1573 1128 1660 homini

127 1693 311 1759 Latinitatis
332 1696 416 1758 band
439 1693 528 1758 nimis
545 1693 670 1775 perito,
693 1692 830 1756 adscribi
854 1713 951 1775 posse
976 1694 1126 1759 videban-

126 1808 200 1874 tur,
231 1797 298 1861 sine
319 1795 542 1873 haesitatione,
576 1794 740 1860 Schwabii
769 1805 800 1858 et
827 1795 922 1858 Zellii
947 1797 1125 1880 exemplum

127 1911 255 1964 sccmus
270 1898 568 1980 ‚recipiendaduxb

190 2003 316 2066 Rursus
347 2001 453 2086 insunt
480 2001 633 2074 lectiones
661 2001 777 2083 partim
803 2023 934 2083 prorsus
968 1998 1123 2093 c'ipsrpot,

123 2103 242 2186 partim
274 2102 399 2186 ineptae
430 2115 525 2186 atque
560 2105 733 2180 absurdae,
764 2105 851 2167 velut
879 2105 922 2168 L.
955 2103 992 2179 2,
1023 2106 1065 2180 8,
1090 2109 1122 2170 d.

123 2228 210 2289 pro:
241 2211 288 2271 Et
307 2218 502 2288 opportuno
524 2228 559 2270 sc
584 2192 690 2270 babiti
716 2206 896 2272 condidit:
909 2238 949 2251 -
969 2211 1016 2272 Et
1034 2209 1123 2272 inter

123 2309 268 2372 bubulos
293 2309 442 2372 rusticus
469 2331 505 2371 sc
527 2309 700 2382 condidit;
723 2309 761 2384 3,
787 2309 825 2384 2,
851 2309 901 2372 13.
922 2331 1005 2392 pro:
1029 2311 1123 2410 ipsos
1161 2339 1169 2345 ·

118 2423 282 2496 pastores
314 2421 430 2473 necate
451 2443 491 2454 -
513 2411 622 2493 ipsius
639 2423 817 2493 pastorem
837 2425 952 2488 necat,
977 2433 1012 2472 ac
1035 2412 1120 2474 simi-

122 2517 187 2589 les3
223 2515 255 2577 in
287 2513 401 2598 quibus
429 2513 578 2596 profecto
601 2513 738 2589 nescias,
772 2525 875 2576 utrum
898 2514 940 2576 ita
962 2514 1022 2576 iam
1045 2535 1119 2578 cor·

120 2618 210 2700 rupti
244 2615 362 2680 interint
389 2615 420 2678 in
450 2610 618 2708 ἀρχετύπῳ
655 2639 672 2679 a
701 2617 837 2680 Perotto
865 2617 1046 2698 exscripto,
1080 2639 1120 2679 an
1168 2625 1187 2684 '.

119 2721 211 2802 ipse,
240 2741 334 2802 quum
356 2718 388 2781 in
408 2718 466 2781 illo
489 2729 593 2780 essent
626 2717 784 2802 aliquanto
806 2718 905 2781 levius
928 2718 1114 2806 depravati,

121 2821 276 2884 medicam
308 2841 431 2884 manum
462 2820 610 2884 adbibere
640 2830 769 2882 conatus
798 2819 895 2901 magis
924 2820 1016 2884 ctiam
1042 2841 1115 2882 eos-

123 2929 193 2987 dem
216 2923 455 2986 contaminarit:
488 2921 520 2984 id
547 2943 608 3004 pro
637 2933 727 2986 certo
750 2919 903 2984 affirruare
925 2942 1114 3004 possumus,

120 3047 279 3110 nunquam
307 3027 448 3091 futurum
478 3023 593 3101 fuisse,
625 3037 659 3088 ut
687 3036 749 3087 tam
774 3027 958 3106 deturpatus
981 3045 1037 3087 cos
1060 3027 1113 3086 de-

120 3129 239 3204 disset,
262 3128 289 3191 si
307 3127 451 3213 integros
472 3127 641 3209 reperisset
661 3127 693 3190 in
722 3121 902 3218 ἀρχετύπῳ.
946 3127 1016 3190 Etsi
1035 3128 1115 3190 enim

19 3242 24 3253 '
119 3253 234 3314 parum
256 3231 384 3314 elegans
407 3240 475 3294 erat
496 3231 613 3312 poiita,
653 3229 775 3294 minime
796 3242 899 3292 tamen
921 3241 1026 3292 tantus
1047 3241 1113 3292 stu-

120 3355 185 3418 por
206 3354 245 3396 ac
272 3353 372 3415 paene
400 3332 500 3396 libido
526 3353 600 3396 sana
616 3313 858 3414 corrumpendi
890 3335 983 3396 debet
1011 3331 1114 3412 impu·

121 3433 184 3496 tari
204 3432 325 3496 bomini
345 3453 409 3498 uon
423 3454 556 3516 prorsus
571 3432 699 3498 inscito,
741 3437 903 3518 Namque,
927 3433 980 3496 ubi
1001 3455 1112 3514 reapse

119 3535 274 3601 eiusmodi
304 3533 483 3598 stoliditatis
514 3556 588 3598 reus
622 3534 764 3614 videtur',
795 3536 894 3600 veluti
920 3537 957 3612 2,
987 3538 1025 3612 8,
1059 3540 1110 3598 11.

116 3652 194 3702 tum
217 3638 372 3724 gaudem
400 3657 519 3700 cervus
538 3659 622 3720 pro:
660 3649 733 3701 tum
756 3639 909 3722 gaudens
928 3635 1054 3730 ferus,
1079 3651 1111 3732 et

117 3742 245 3818 1,,25,
269 3742 322 3804 29.
346 3739 449 3803 ruina
468 3749 590 3804 domus
602 3762 691 3822 pro:
715 3742 818 3804 ruina
845 3761 1003 3804 camarae
1025 3753 1107 3815 cct.,

115 3855 190 3907 ante
213 3842 317 3906 omnia
332 3841 503 3919 nescimus,
527 3854 635 3912 utrum,
649 3843 696 3907 sic
710 3843 863 3906 invenerit
876 3843 907 3905 in
929 3836 1106 3930 ἀρχετύπῳ,

114 3969 155 4010 an
177 3945 259 4010 idem
292 3943 360 4008 iere
388 3943 519 4021 iecerit,
555 3947 639 4030 qnod
661 3946 835 4012 etiamnunc
856 3946 959 4010 solent
981 3943 1109 4022 iacere,
