2816 4716
83 546 180 612 Vicit
201 548 347 632 locuples
365 569 464 633 geuuu
486 561 519 614 et
535 547 672 618 sormam
695 549 860 636 pauperis.

82 651 131 716 Ut
150 649 342 734 nuptiarum·
357 651 461 716 dictus
481 653 610 718 advenit
633 655 716 733 dies,

81 755 204 817 Amans
226 754 371 819 dolorem
392 754 467 841 quia
488 778 553 821 non
575 769 704 840 poterat
727 756 872 842 perpeti,

82 859 236 921 Maerens
256 855 462 944 propinquos
485 859 622 923 contulit
642 881 675 924 se
695 861 727 924 in
749 860 917 936 hortulos,
1052 861 1071 923 ⁵

83 962 177 1040 Quos
197 961 280 1022 ultra
300 960 407 1042 paulo
421 961 496 1024 villa
516 963 681 1044 splendida
704 960 812 1027 divitis

58 1066 165 1151 ‘Erat
187 1073 358 1146 acceptura
378 1063 536 1148 virginem
559 1087 576 1128 e
599 1065 707 1130 matris
730 1065 816 1144 sinu,

81 1168 203 1230 Parum
226 1165 330 1249 ampla
347 1165 381 1230 iu
402 1169 486 1232 urbe
502 1167 572 1232 visa
594 1173 684 1256 quod
705 1169 811 1234 fuerat
833 1172 958 1234 domus.

81 1271 210 1350 Pompa
234 1268 431 1353 explicatur,
456 1273 549 1334 turba
569 1271 735 1336 concurrit
758 1273 928 1360 frequens,

81 1375 126 1437 Et
152 1372 352 1457 coniugalem
375 1374 509 1455 praebet
530 1375 723 1455 hymenaeus
745 1375 862 1440 lacem.
1031 1376 1073 1438 10

80 1475 211 1540 Asellus
233 1486 353 1552 autem,
377 1474 432 1562 qui
451 1474 576 1542 solebat
597 1477 733 1560 pauperi

81 1580 255 1659 Quaestum
279 1579 423 1656 deferre,
446 1583 550 1642 stabat
571 1592 686 1662 portae
708 1579 742 1644 iu
764 1579 886 1646 limine.

79 1682 175 1745 Illum
196 1681 321 1765 puellae
344 1704 419 1746 casu
441 1685 624 1746 conducunt
644 1704 734 1759 suae,

80 1785 166 1850 Viae
186 1784 316 1850 labores
334 1795 464 1850 teneros
477 1805 519 1848 ⁴ne
540 1785 665 1849 laedant
685 1789 796 1868 pedes,

80 1889 227 1971 Repente
249 1887 387 1964 caelum,
413 1887 552 1954 Veneris
575 1888 812 1966 misericordia,
1027 1891 1068 1954 tt

80 1991 198 2056 Ventis
217 2003 388 2068 movetur,
404 1989 528 2056 intonat
550 1991 658 2056 mundi
682 1991 800 2078 fragor

81 2096 285 2180 Noctemque
309 2093 413 2158 densis
434 2095 599 2159 horridam
624 2095 743 2159 nimbis
768 2106 879 2180 parat:

79 2200 159 2261 Lux
178 2197 305 2282 rapitur
326 2196 428 2262 oculis
449 2209 481 2263 et
501 2197 594 2262 simul
614 2199 664 2263 vis
682 2198 852 2284 ,grandinis

80 2303 194 2367 Effusa
212 2301 360 2385 trepidos
380 2300 498 2385 passim
522 2303 657 2366 comites
682 2303 830 2385 dissipat,

79 2403 151 2470 Sibi
171 2427 329 2492 quemque
353 2427 473 2490 cogens
492 2416 603 2486 petere
625 2405 819 2486 praesidium
837 2403 928 2488 fuga.
962 2387 974 2404 ’
1026 2405 1069 2466 20

78 2508 209 2574 Asellus
227 2519 337 2572 notum
358 2506 542 2591 proximum
563 2515 682 2569 tectum
701 2507 787 2570 subit

79 2615 125 2676 Et
143 2633 225 2676 voce
244 2633 359 2696 magna
381 2631 448 2674 sese
471 2608 593 2672 venisse
615 2607 748 2672 iudicat.

78 2715 285 2780 Procurrunt
306 2711 414 2796 pueri,
438 2713 602 2796 pulchram
628 2710 785 2795 aspiciunt
805 2709 967 2796 virginem

78 2821 125 2882 Et
146 2817 364 2880 admirantur:
392 2817 504 2880 deiude
526 2815 657 2880 domino
678 2812 834 2881 nuntiant.

79 2923 172 2986 Inter
193 2920 319 2986 sodales
339 2920 393 2982 ille
412 2941 534 3002 paucos
553 2921 727 2993 accubans,

81 3029 237 3090 Amorem
262 3023 386 3088 crebris
407 3025 565 3088 avocabat
587 3021 729 3106 poculis.

80 3127 148 3194 Ubi
172 3126 346 3191 nuntiatum
367 3137 432 3202 est,
456 3137 620 3190 recreatus
642 3123 765 3210 gaudiis

80 3236 244 3298 Hortante
263 3231 397 3295 Baccho
415 3241 447 3294 et
464 3230 611 3306 Venere,
635 3229 743 3292 dulces
763 3226 893 3313 perlicit

80 3332 295 3420 Aequalitatis
315 3333 399 3397 inter
416 3332 544 3416 plausus
563 3331 704 3414 nuptias.
788 3385 791 3390 .

80 3435 249 3522 Quaerunt
270 3449 417 3518 parentes
435 3458 495 3520 per
515 3457 708 3518 praeconem
729 3432 845 3510 filiam}
1027 3432 1069 3496 30

80 3545 199 3607 Novus
220 3539 353 3604 maritus
375 3539 513 3624 coniuge
537 3538 650 3604 amissa
672 3539 771 3603 dolet.

82 3644 171 3727 Quid
192 3655 398 3708 essetactum
422 3654 590 3728 postquam
614 3641 738 3724 populo
764 3640 919 3716 innotuit,

82 3751 202 3814 Omnes
222 3747 371 3812 favorem
392 3748 644 3827 comprobarunt
663 3745 821 3810 caelitum.

152 4005 213 4054 Fas.
230 4005 288 4050 XV.
324 4001 364 4062 (6)
385 3998 529 4062 splendido}
550 4001 570 4046 l.
590 4001 620 4046 C,
639 3999 669 4048 z.
704 4023 736 4036 -
772 3997 898 4059 splendidi
918 3997 972 4043 vet.
990 3995 1066 4056 Hesp.

82 4074 141 4135 (12)
158 4071 269 4136 deflere]
290 4073 320 4120 C.
341 4075 371 4119 Z.
395 4097 427 4108 -·
442 4068 516 4131 serre
533 4071 589 4115 Vat.
612 4070 686 4124 usse.
789 4083 793 4088 ’
