2816 4716
1025 374 1065 438 12

78 515 211 580 Cotidie
235 529 338 580 morte
362 517 518 580 mulcetur
540 517 595 604 qui
622 539 692 581 oum
713 517 830 582 timore
849 511 1064 582 conscientiae

582 643 657 686 suae
680 633 841 685 versatur.

75 722 297 788 Contubcruia
311 723 379 786 illic
402 734 475 788 sunt
489 724 704 789 lacrimarum.
728 727 856 842 quando
879 721 1064 787 misericors

583 827 743 912 conspicit
764 827 927 892 miserum.
1024 829 1062 890 15

66 929 140 994 'Diu
160 933 414 1015 praeparandum
434 939 482 995 est
502 935 542 996 de
567 933 668 997 bello.
691 944 726 994 ut
748 931 839 997 ocius
858 930 970 995 vincas
989 934 1063 994 dum

583 1035 793 1121 congrederis
813 1034 987 1120 proelium.

72 1136 156 1202 Dc
146 1136 280 1202 inimico
299 1137 426 1220 penitus
448 1159 486 1202 ne
505 1139 663 1225 loquaris.

71 1241 198 1312 Durum
210 1253 258 1304 est
269 1243 429 1324 denegare
441 1241 616 1324 superiori.
632 1261 729 1328 quum
740 1243 857 1307 debeas
866 1241 1063 1324 supplicare.

71 1337 275 1408 Dissolvitur
289 1343 438 1426 protinus
452 1345 519 1409 lex.
540 1369 611 1409 cum
628 1346 726 1410 suerit
749 1344 934 1410 misericors
951 1344 1062 1408 iudex.

71 1446 246 1511 Dominari
261 1469 302 1510 ex
319 1459 410 1530 parte
424 1447 638 1532 dignoscitur.
656 1449 708 1512 cui
720 1444 869 1532 superior
883 1447 1065 1532 supplicare

581 1553 721 1616 videtur.
1025 1551 1066 1613 20

69 1652 209 1718 Decima
225 1655 309 1718 hora
327 1650 448 1720 amicos
462 1649 584 1737 plures.
605 1677 701 1740 quam
720 1650 824 1738 prima
843 1653 1022 1737 repperies.

70 1757 213 1838 Eripere
231 1757 351 1820 irarum
368 1758 491 1822 officia.
507 1780 572 1823 non
587 1779 763 1844 suggerere
779 1758 843 1822 tela
857 1757 942 1822 irato
959 1760 1063 1820 dccet.

69 1861 133 1922 Est
151 1857 260 1943 utique
282 1859 444 1941 profunda
466 1859 665 1944 ignorantia.
685 1861 809 1925 nescire
831 1863 921 1946 quod
935 1882 1063 1942 pecces.

69 1961 260 2024 Famulatnr
276 1962 423 2026 dominus
442 1963 497 2025 ubi
515 1963 617 2028 timet.
635 1965 751 2051 quibus
766 1964 902 2046 imperat
914 1983 1064 2044 prorsus.

70 2065 228 2129 Fateatur
249 2065 373 2130 facinus
397 2077 561 2149 prompte.
599 2068 656 2152 qui
683 2065 835 2132 iudicium
857 2065 942 2150 fugit
966 2063 1067 2130 maui-

581 2171 676 2236 fette.
1025 2168 1065 2231 25

71 2270 247 2358 Facileque
277 2271 400 2336 faciunt
432 2275 518 2338 hona
547 2272 704 2337 invenies.
742 2297 812 2337 cum
844 2273 1067 2356 laudandoque

579 2375 728 2440 fecerunt
751 2377 855 2440 coles.

71 2479 177 2542 Feras
201 2495 266 2542 nou
291 2479 413 2561 culpes.
435 2480 524 2564 quod
546 2479 662 2542 mutari
680 2500 746 2543 nou
764 2489 870 2560 potes.

69 2583 204 2646 Furere
226 2583 263 2644 fit
285 2581 445 2646 atrocior.
469 2581 555 2646 laesa
577 2580 702 2664 saepius
720 2580 896 2663 pacientia.

67 2684 206 2750 Fulmen
229 2695 276 2748 est
292 2685 409 2768 procul
433 2681 545 2749 dubio.
568 2696 712 2768 potestas
733 2705 804 2746 cum
824 2682 1003 2748 iracundia.

65 2787 188 2854 Fidem
210 2788 267 2874 qui
286 2787 478 2871 perdiderit.
502 2787 583 2850 nihil
604 2785 727 2871 poterit
745 2786 828 2850 ultra
845 2789 996 2870 perdere.
1027 2787 1069 2850 00

63 3012 145 3053 latet.
175 3002 236 3051 Cum
255 3005 360 3050 inimico
385 3003 515 3066 ignoscit,
545 3003 641 3049 amicos
665 3005 808 3062 compluree
824 3003 910 3059 peric.
961 3000 1065 3058 (11)..
1034 3013 1065 3030 ··

64 3076 169 3123 138.Ο
201 3087 234 3121 =
258 3073 306 3122 112
338 3075 366 3119 Β.
391 3083 446 3122 mo
455 3071 550 3120 Cotidie
569 3074 721 3128 dutnnutur,
742 3075 784 3133 pne'
803 3087 902 3132 semper
925 3072 995 3117 timet
1016 3073 1067 3117 OB.

63 3145 130 3209 (15)
150 3107 236 3191 Airest.
275 3142 383 3202 (516)
404 3139 462 3194 177.
484 3145 571 3192 0..·:
590 3142 647 3193 192.
669 3146 698 3189 Β.
720 3141 831 3190 091210
842 3143 1069 3202 apperendtemeet

62 3219 178 3271 bellum,
199 3222 225 3260 ut
246 3217 334 3260 vineae
356 3215 466 3260 celeriter
485 3215 539 3261 ΟΒ.
584 3211 691 3270 (17)=
715 3208 773 3262 102.
794 3213 882 3259 0..-
851 3225 882 3238 ···
903 3211 960 3258 tto
979 3214 1008 3258 B.
1031 3221 1070 3260 oo

57 3290 106 3336 De
120 3297 226 3332 enemeco
236 3300 267 3330 ne
283 3286 396 3345 tequam
409 3288 488 3340 mule
505 3284 551 3330 sed
561 3286 668 3350 eogetee
679 3285 732 3330 ΟΒ.
770 3280 856 3342 (18-
867 3281 910 3338 21)
925 3283 1019 3328 Ansuot
1038 3282 1068 3326 ub

61 3360 123 3404 OB.
162 3357 194 3402 V.
215 3355 258 3400 21.
275 3356 380 3401 fortasse
400 3353 459 3401 fuit:
480 3355 587 3400 Decime
608 3353 671 3400 dore
689 3353 785 3404 (1ιηί1111
794 3355 886 3411 plum
898 3367 972 3412 queem
981 3354 1069 3411 primu

58 3427 169 3476 invenie
187 3426 225 3470 vei
245 3426 349 3470 inuenit.
421 3423 475 3481 (22)
498 3435 529 3470 =
553 3423 611 3471 ¹87.
632 3425 664 3470 Ο.
695 3435 727 3468 =
755 3423 816 3469 211.
837 3423 864 3469 Β.
896 3432 935 3469 cto
960 3421 1068 3480 Eripere

57 3502 161 3552 telum,
181 3510 230 3541 nen
247 3496 309 3542 dere
331 3496 398 3540 irato
417 3494 486 3540 decet
507 3495 559 3541 OB.
597 3492 651 3550 (23)
670 3495 754 3540 Abest.
792 3489 848 3549 (24)
869 3491 954 3538 Ahest.
982 3493 1069 3537 Deleto

57 3573 151 3623 inepto
171 3581 192 3614 v.
214 3579 326 3624 prorsus
345 3566 425 3620 prodit
445 3579 570 3620 senarius,
604 3565 693 3610 Publio
711 3563 773 3610 houd
793 3565 912 3622 indigent.
959 3559 1013 3617 (25)
1034 3571 1067 3604 =

55 3637 129 3687 220.
142 3636 173 3682 0.
193 3647 225 3680 =
249 3633 350 3680 212.Β.
367 3646 406 3682 θῶ
420 3634 523 3680 Fatetur
536 3632 646 3696 sueinus
664 3635 706 3690 ie,
727 3634 771 3696 qui
786 3629 999 3692 iudiciumsugit.
1013 3631 1067 3676 OB.

51 3707 124 3771 (26)
145 3707 228 3751 Abest.
264 3706 323 3764 [ος.
342 3705 445 3760 Facile,
478 3707 521 3766 que'
537 3703 676 3764 furiunt·
698 3704 841 3760 laudando,
872 3703 915 3764 que'
935 3697 1067 3760 ferarumne

50 3778 178 3842 (27)=
193 3773 253 3822 225.
271 3775 359 3820 0.=
379 3772 438 3819 216.
460 3776 489 3820 Β.
510 3784 550 3822 ω
569 3781 652 3834 potest
670 3775 722 3820 OB
760 3773 871 3834 (28)..
894 3769 954 3817 209.
978 3770 1008 3816 0
1033 3775 1067 3816 ¹³

48 3847 124 3900 273.
142 3849 171 3892 Β.
188 3856 227 3894 oo
243 3843 325 3890 Furor
337 3845 372 3906 fit
393 3845 716 3903 lueeueeepe'uepctientt‘u
729 3845 781 3892 OB.
821 3843 934 3901 (29)=
954 3839 1013 3886 810·
1031 3839 1066 3886 0·

49 3935 92 3970 ,τ
116 3916 177 3964 258.
195 3918 224 3965 Β,
242 3925 281 3962 ω
297 3913 401 3960 Fulmen
416 3921 465 3970 eet,
489 3915 531 3961 ude
541 3929 597 3960 curn
604 3922 727 3974 potestate
739 3915 836 3961 hebetet
847 3905 993 3958 iracundie
1009 3911 1064 3958 OB.

65 3989 173 4042 30)=
176 3984 251 4032 228.
268 3983 351 4030 ΟΞ
377 3983 437 4034 242.
459 3987 487 4031 Β.
511 3995 550 4032 Ν
566 3983 663 4032 “Fidem
688 3988 741 4047 que'
753 3985 856 4044 perdit,
876 3981 985 4042 perdere
1001 3983 1077 4040 ultra-

47 4061 227 4117 (ratpotone.
265 4057 317 4103 ΟΒ.
385 4117 388 4120 ¹
436 4067 443 4092 t
542 4081 545 4090 ·
1037 4059 1046 4090 .·

109 4149 454 4193 rasurirab.nveexxx11
828 4138 834 4149 ⁵
894 4147 914 4207 ζ(
