2816 4716
485 877 1150 986 PunL11sun1

380 1089 521 1160 CODD.
546 1092 847 1158 BASILEENSIS
869 1093 932 1158 ET
956 1091 1250 1158 TURICENSIS.

713 1311 918 1326 m

382 1497 489 1579 Quum
504 1493 629 1584 aliquot
647 1507 719 1561 ante
745 1497 834 1561 annis
857 1491 1158 1562 desideratissimum
1176 1494 1308 1558 fratrem

317 1600 496 1684 patruelem
517 1598 550 1662 in
580 1603 776 1666 emendando
802 1612 897 1686 atque
922 1599 1163 1682 interpretando
1190 1598 1307 1663 Publio

318 1705 405 1784 Syro
425 1701 634 1780 adiuvissem‚
656 1725 758 1780 nnnc,
788 1727 885 1790 quum
908 1702 941 1766 in
965 1705 1046 1768 duos
1068 1700 1309 1786 einsantiqnis-

315 1805 418 1872 simos
437 1805 569 1871 codices
591 1805 744 1870 anemine
765 1805 856 1888 prins
871 1825 1024 1870 excussos
1039 1827 1117 1868 casn
1132 1803 1308 1878 inciderim,

309 1911 373 1974 hac
390 1909 561 1975 occasione
580 1911 763 1975 Phaedrum
780 1907 1024 1994 redintegrandi
1039 1907 1148 1972 oblata
1161 1910 1202 1970 ad
1220 1906 1308 1969 illum

296 2010 445 2100 qno'que
479 2012 603 2076 reverti
634 2011 773 2095 placuit,
810 2023 845 2075 nt
867 2023 898 2075 et
919 2023 989 2076 tota
1015 2011 1099 2075 ratio
1131 2010 1306 2085 librorum,

316 2114 373 2200 qui
390 2114 456 2178 eins
478 2113 647 2177 sententias
670 2114 766 2178 nobis
787 2126 974 2192 servarunt,
984 2102 1121 2178 clarius
1143 2112 1307 2196 perspice-

316 2227 428 2292 retur,
464 2237 576 2280 versus
596 2217 699 2279 adhuc
724 2215 944 2280 delitescentes
962 2222 1205 2300 promerentur,
1242 2215 1306 2281 loci
1389 2217 1390 2220 ’

314 2317 461 2384 nonnulli
494 2317 754 2404 corrigerentur.
798 2319 839 2383 Id
867 2330 970 2382 antem
999 2319 1032 2382 in
1052 2318 1166 2403 primis
1186 2341 1306 2383 memo·

225 2404 240 2423 κ
314 2421 417 2488 rabile
439 2433 503 2498 est,
540 2419 574 2485 in
606 2421 694 2486 Cod.
722 2421 836 2486 Turio.
865 2421 1034 2508 plerasque
1065 2421 1236 2486 sententias
1262 2423 1305 2486 ita

313 2524 524 2608 interpolatas
532 2547 599 2588 esse
611 2536 705 2610 atque
717 2523 896 2612 inquinatas
906 2524 1008 2591 omnis
1022 2527 1148 2612 generis
1164 2513 1303 2610 ineptiis,

314 2639 350 2692 nt
360 2626 520 2693 Monachi
536 2626 712 2692 Christiani
719 2627 1027 2714 pravnmingenium
1041 2629 1073 2692 in
1085 2629 1125 2694 iis
1137 2630 1302 2694 manifesto

313 2753 485 2817 agnoscas.
530 2729 585 2794 sic
602 2729 795 2812 planissimis
815 2752 908 2814 saepe
925 2754 963 2795 ac
982 2732 1214 2812 venustissimis
1230 2737 1302 2796 bar·
1387 2755 1388 2760 ¹

312 2837 408 2910 bara,
446 2835 557 2910 stulta,
594 2832 688 2896 etiam
708 2832 823 2918 quavis
844 2833 1009 2916 probabili
1032 2835 1188 2899 sententia
1208 2835 1302 2900 desti·

316 2948 383 3000 tnta
399 2936 591 3024 substituere
604 2936 659 2999 illa
677 2935 764 3001 natio
786 2941 933 3002 audebat.
957 2941 1060 3013 Idem,
1086 2949 1121 3000 nt
1148 2937 1228 3002 alibi
1250 2943 1302 3003 de·
1386 2931 1387 2940 ¹

314 3040 510 3116 monstravi,
534 3039 651 3103 accidit
663 3038 696 3102 in
712 3040 812 3104 Tullii
825 3043 978 3105 Oratore.
1014 3040 1235 3106 Nihilominus
1249 3041 1300 3106 hic

311 3141 382 3225 ipse
398 3142 516 3208 Codex
545 3142 688 3206 servavit
717 3141 852 3227 triginta
883 3142 1015 3207 circiter
1037 3145 1208 3208 sententias
1230 3155 1298 3208 ante

246 3313 248 3318 ,
310 3244 453 3330 ignotas.
472 3245 606 3311 -Cod.
617 3244 1077 3330 Frisingensemdescripsitl.
1089 3247 1130 3312 C.
1139 3270 1174 3312 v.
1184 3247 1298 3313 Aretin

311 3347 806 3431 Beytrtt„ezuchselricbteu.
814 3369 840 3412 s.
855 3371 892 3412 w.
920 3352 1074 3430 9..Stlter
1095 3351 1297 3434 September.
1384 3391 1385 3394 =

293 3446 485 3513 ,Muncten
508 3448 601 3511 1806.
625 3470 703 3532 pag.
728 3450 801 3512 257.

378 3550 484 3622 0.-
505 3550 558 3614 Io.
583 3551 754 3616 Conradns
777 3550 931 3618 Orellius.

375 3654 419 3717 B.
441 3676 479 3710 =
500 3653 621 3718 Bothe.
