2816 4716
938 283 940 288 ’
1024 313 1085 378 235

79 465 166 498 cesum
187 454 260 504 etiam
281 465 363 507 nune,
387 463 461 508 parvo
478 449 592 510 globulo,
613 466 625 496 e
643 453 709 498 fonti
727 455 840 500 deorsum
857 457 972 512 pendente
981 464 992 514 ,'
1008 465 1085 504 retan-

80 519 194 568 dautes.”
214 545 243 556 -
263 520 382 568 Emieant
397 521 520 568 lacrimae
535 527 684 578 trementee5
714 523 760 568 sed
775 525 870 570 sadaca
881 527 992 583 pondere
1010 527 1087 574 Gutta

78 600 129 638 eet.
157 593 251 652 Rigter.
289 591 417 647 (Emieant
434 592 488 636 seit.
509 605 562 636 cum
580 593 707 638 salmasio.
745 592 777 638 Et
794 595 890 640 micant
906 597 985 652 Lips.)
1021 599 1085 648 Sed.

78 669 106 708 ut
122 677 207 708 verum
221 660 460 718 fateat-„micondi,
480 663 617 717 sptendaudi
636 663 736 708 veebum
754 665 810 709 mihi
832 659 862 712 n:
881 667 897 710 t.
918 669 988 726 longe
1006 671 1084 724 aptius

79 734 177 778 uidetur
193 748 265 791 quam
283 735 384 781 atterum
404 729 546 776 emieemdi:
565 746 608 776 neo
626 735 779 790 expellendus
798 747 827 780 ex
845 735 890 791 hoe
907 741 1016 791 podmets
1036 742 1085 784 sin.

79 805 175 861 gutaris
193 817 249 848 osus
271 802 457 858 praepositionis
472 799 502 844 de
521 803 622 846 inaximo
641 808 738 858 psopter
757 817 780 848 v.
802 801 843 850 39.
864 803 888 849 et
906 807 1009 852 similem
1027 824 1084 854 eon·

80 875 233 918 suetudinem
253 874 359 918 eiusdem
380 873 465 927 potitae
484 871 507 914 in
538 871 689 929 Faagsuentis
718 871 768 927 „de
797 875 915 932 qualitate
936 878 1027 922 sitast
1050 880 1087 938 (v.

78 944 168 986 Raudii
196 941 302 988 Amores
320 955 345 998 p.
366 937 425 986 213.
446 945 471 986 et
489 937 547 986 469.
585 941 739 988 Wernsdonf.
760 943 832 992 Tota.
853 941 878 989 3.
897 959 923 1001 p.
942 944 1089 1004 483..)ω.

78 1014 160 1057 siculo
174 1009 198 1056 6.
217 1009 298 1056 Diilce
307 1011 338 1056 de
350 1011 431 1055 labi-ie
443 1011 587 1068 loquuntur.
602 1017 626 1056 et
639 1009 662 1056 9.
676 1011 753 1058 Ambo
762 1011 792 1058 de
802 1015 880 1060 eoinis
888 1027 897 1059 :
916 1017 990 1062 tutius
1000 1019 1089 1062 Firmi-

77 1097 124 1127 cus
142 1084 268 1126 Maternus
290 1082 319 1126 G.
340 1079 364 1128 i.
385 1095 409 1136 p.
429 1077 471 1124 32.
491 1081 570 1130 muni.
588 1081 749 1128 miserandae
770 1085 848 1130 matri
865 1083 895 1128 de
919 1092 997 1131 morte
1013 1087 1088 1150 filiae

69 1149 210 1210 funestam
232 1151 403 1209 spectaculum
420 1150 552 1208 praebuit:
573 1151 596 1194 in
616 1152 703 1209 fluibus
723 1153 866 1198 Latinorum
889 1153 919 1198 de
946 1159 1090 1212 pedetentim

78 1223 171 1267 transit
183 1223 206 1265 iu
220 1221 336 1266 italorum
351 1219 387 1268 di.
408 1241 437 1252 -
457 1219 591 1264 Lacrimae
608 1221 704 1266 micant
716 1228 850 1268 trementes
871 1225 978 1272 Sei-iver.
997 1229 1088 1286 Vulgo.

77 1289 139 1348 (19)
157 1289 236 1350 Hinc]
254 1292 354 1336 debetur
379 1290 508 1334 Sattnasio.
527 1313 560 1324 ·-
578 1287 619 1336 En
636 1306 721 1340 tus-sus
743 1294 853 1338 Schutte.
892 1296 938 1340 Sed
956 1297 1015 1340 tatia
1034 1311 1091 1353 pro·

78 1363 203 1406 fundenda
217 1376 265 1406 non
283 1366 346 1406 sunt.
385 1357 440 1416 (21)
459 1357 582 1419 virginea]
601 1361 670 1418 Lips.
707 1363 812 1421 Uterque
830 1363 926 1410 Codex:
947 1367 1090 1426 uirgineos.

79 1429 173 1489 (thiu)
192 1428 312 1489 humenti]
332 1431 424 1474 Rursus
439 1429 506 1484 Lips.
544 1427 600 1486 (22)
618 1445 691 1476 mune
709 1431 784 1492 totas]
804 1433 843 1478 ste
857 1435 961 1496 'scripsit
1001 1435 1090 1490 Totae,-

80 1503 180 1555 idest,
212 1501 342 1555 „omnes”
360 1502 449 1548 utisv.
473 1496 515 1543 51.
537 1504 562 1544 st
581 1495 640 1557 60.;
671 1502 710 1558 qui
727 1516 784 1546 usus
798 1503 912 1560 frequens
931 1510 967 1550 est
987 1511 1012 1550 et
1029 1509 1091 1562 apud

79 1571 228 1626 Appuleium
245 1577 269 1616 et
289 1572 314 1614 iu
332 1569 496 1625 primis-apud
518 1568 712 1628 Tertullianum
741 1573 801 1618 ande
830 1573 947 1618 ttetonum
966 1576 1031 1621 tutti.
1057 1599 1091 1636 -7-

79 1655 158 1686 mane
176 1647 203 1686 ut
223 1639 286 1686 adae
304 1641 387 1684 Douza
404 1639 619 1696 pater.,Wennsd.
651 1663 684 1674 -
710 1653 784 1685 inane
807 1641 889 1687 nudae
913 1644 1007 1702 ttigter.
1045 1647 1092 1690 Sed

81 1712 173 1766 duplex
192 1711 313 1766 epitheton
340 1709 437 1754 minime
456 1709 549 1764 placet:
578 1722 652 1764 rosae
669 1711 782 1769 virginee
807 1714 950 1770 eaedemque
969 1719 1010 1758 aut
1028 1715 1093 1760 adae
1119 1722 1121 1726 ’

81 1785 127 1826 aut
148 1779 239 1825 nudae.
282 1781 334 1824 Hoc
361 1792 454 1838 quoque
479 1777 669 1834 observandum,
697 1794 798 1836 tunsus,
831 1787 857 1826 ut
875 1784 899 1826 in
919 1783 981 1828 haud
1008 1787 1092 1840 paucis

82 1851 163 1897 huius
180 1851 313 1906 poematis,
339 1849 399 1894 ltato
424 1847 530 1892 sermoni
553 1849 592 1893 hie
616 1851 688 1894 veluti
708 1851 830 1906 praeludi:
856 1865 930 1896 mam
949 1855 1013 1898 enim
1031 1855 1055 1900 n.
1073 1856 1092 1898 1.

83 1921 145 1965 uihit
167 1921 230 1964 atiud
248 1934 318 1978 qnam
333 1917 439 1972 dimersi,
459 1917 562 1963 domani
571 1949 579 1972 ‚
599 1933 664 1966 enas.
702 1917 756 1976 (23)
774 1918 878 1980 Cypria]
898 1923 1032 1969 Scriverius
1048 1937 1093 1980 pro

84 1991 149 2043 Cdd.
164 1990 250 2046 prius.
298 1985 392 2049 Cypria
407 2002 451 2044 pro
471 1985 591 2048 Cypridis
617 1989 707 2034 invenit
730 1991 831 2036 Schutze
851 1993 924 2041 etiam
942 1994 966 2038 iu
983 1995 1093 2040 Pseudo·

81 2061 149 2106 Gatti
167 2057 294 2120 suffit,
322 2058 364 2105 92.
406 2055 462 2116 (26)
490 2055 578 2116 Unico]
596 2059 663 2104 Pith.
692 2060 864 2106 't'otusautam
886 2064 952 2108 locus
970 2065 1003 2108 ita
1027 2066 1093 2109 vide·

83 2137 126 2176 tur
152 2131 322 2186 explicandas,
353 2133 392 2182 ut,
424 2128 445 2172 si
471 2129 539 2183 prius
563 2130 695 2188 cogitemus
719 2143 794 2176 rosas
814 2131 957 2178 vocabulum
975 2135 1012 2178 vel
1031 2136 1094 2190 apud

82 2201 212 2246 Horatium
231 2212 331 2244 uninero
349 2198 463 2257 tingitani
482 2211 655 2255 saepenumero
673 2201 747 2256 poni,
768 2201 808 2248 abi
827 2216 871 2248 nos
885 2203 974 2249 utimur
995 2205 1093 2260 ptus-ati,

82 2271 223 2328 neutiquam
246 2270 387 2318 haereamus
408 2269 432 2312 in
453 2267 532 2312 subito'
557 2269 600 2312 itto
623 2271 725 2314 transitu
752 2276 817 2315 totae
843 2273 950 2327 (omues)
979 2275 1094 2334 uirgines

82 2339 181 2386 nubant
198 2351 273 2384 rosae
291 2365 302 2375 -
319 2337 397 2383 Facta
415 2343 482 2396 oet.;
502 2351 574 2394 quum
587 2339 635 2384 sit:
655 2339 759 2393 „Omnis
778 2355 834 2384 rosa
853 2342 914 2386 facte
934 2343 1047 2399 Cypridis
1066 2345 1094 2388 ds

83 2410 195 2458 eruoue”
210 2415 276 2466 oet.;
303 2414 354 2454 tum
370 2410 395 2453 in
420 2407 464 2452 hac
481 2406 609 2452 Latinitate
628 2409 651 2450 in
674 2411 799 2464 permultis
818 2411 846 2455 ad
870 2412 1035 2468 antiquitatem
1054 2427 1095 2457 ne-

81 2484 173 2526 deunte
192 2479 255 2535 (vide
273 2479 311 2524 vet
329 2477 492 2522 Forcettinum
510 2477 535 2520 in
553 2489 577 2523 v.
595 2474 704 2532 audeo.)
721 2475 794 2525 Rosa
806 2505 816 2516 ·
835 2505 845 2515 -
863 2493 913 2524 non
923 2481 1026 2538 pudebit
1044 2483 1094 2526 eol·

80 2565 141 2597 aere
165 2550 262 2594 minime
278 2549 400 2594 offendere
418 2547 489 2591 debet
505 2557 566 2602 pro:
586 2543 678 2590 Rosam
696 2571 706 2582 ·
725 2573 735 2584 -
753 2550 873 2594 maritam
888 2549 958 2608 (iam)
976 2565 1026 2597 non
1043 2566 1094 2608 pu-

78 2620 150 2666 debit
167 2633 198 2664 se
216 2621 312 2665 solvere
332 2618 420 2672 unico,
440 2618 463 2662 id
483 2621 536 2670 est,
568 2629 631 2671 nno,
657 2617 697 2674 qui
713 2618 973 2674 etiamtunomestahit,
1008 2623 1094 2668 ultimo

80 2689 158 2736 nodo.
195 2691 241 2734 Vel
258 2691 278 2734 si
301 2691 325 2734 in
339 2689 381 2732 hae
400 2687 577 2732 constructione
597 2687 741 2742 offenderis,
762 2689 841 2746 quidni
858 2690 939 2734 ticebit
952 2701 1093 2746 exponere:

82 2759 196 2817 „Omnis
214 2772 275 2804 rosa
295 2773 371 2818 quam
380 2753 457 2816 sauia
469 2757 504 2801 sit
521 2755 551 2800 ds
563 2769 654 2804 eruore
673 2783 683 2792 -
701 2782 711 2793 -
730 2771 785 2802 eam
800 2772 851 2802 non
863 2758 968 2818 pudebit
983 2759 1094 2805 eoloere''
1127 2753 1128 2756 ’

83 2827 155 2876 cet?
191 2830 260 2887 Quod
286 2829 430 2888 Louguenue
456 2831 479 2872 et
494 2825 606 2872 Moabius
624 2833 804 2882 reposuerunt:
828 2827 903 2874 Uaido
921 2831 1015 2875 inanito
1030 2829 1095 2874 nodo

80 2911 186 2958 prorsus
204 2901 310 2943 otiosum
332 2904 377 2944 ast.
420 2896 469 2942 Nec
484 2911 542 2942 vero
561 2911 615 2942 oum
632 2899 738 2942 Salmas.
762 2903 786 2942 et
805 2900 874 2943 Anat.
894 2898 979 2944 Wotfii
1000 2901 1095 2944 marita

71 2977 129 3027 'pro
148 2971 257 3014 vocativo
276 2969 418 3014 habendum.
455 2963 515 3027 (29)
533 2966 556 3012 It
575 2981 619 3024 pro
637 2965 754 3023 EtsLips.
775 2970 922 3014 coniectura.
959 2968 1007 3015 Est
1028 2971 1095 3014 tote-

82 3041 125 3086 bat
137 3039 204 3084 Pith.
241 3037 297 3098 (32)
315 3037 398 3084 nudus
415 3038 479 3084 Pith.
500 3051 544 3092 pro
563 3037 622 3082 Cdd.
637 3037 716 3082 nudos
729 3043 752 3082 et
764 3037 853 3082 durus.
890 3034 1094 3100 (34)-ηγ1η-

78 3109 168 3168 phac,
188 3115 271 3154 cavete
292 3123 352 3167 quae
370 3110 465 3168 vulgata
484 3113 521 3152 est
540 3109 611 3158 tectio
629 3113 713 3153 contra
738 3113 864 3166 utrumque
886 3109 1015 3166 Codioem,
1035 3123 1094 3154 casu

82 3183 208 3224 dumtaxat
232 3185 285 3224 orta
303 3181 396 3224 videtur
417 3181 441 3224 in
465 3177 548 3221 Baudii
566 3177 700 3222 Amoribas
719 3191 742 3234 p.
765 3177 825 3223 itt.
868 3177 921 3234 (³5)
940 3180 1001 3226 Cdd.
1022 3181 1094 3226 lectio

81 3250 192 3294 inermis
219 3263 272 3294 uum
299 3249 412 3294 Schulzio
430 3249 464 3292 ita
483 3249 620 3301 exponenda
643 3251 702 3294 enit:
735 3249 828 3303 „Amos
848 3250 969 3304 inermis,
1000 3251 1096 3308 quando

82 3322 163 3364 nudus
179 3325 228 3374 est,
247 3318 298 3377 =(-·
316 3319 399 3366 sedin
421 3319 458 3362 his
477 3317 639 3362 messenides
660 3316 876 3384 sausoioyiav')
895 3325 960 3364 totus
981 3321 1045 3366 idem
1058 3324 1096 3364 est

82 3392 181 3443 Amor,
213 3404 286 3447 quum
310 3391 402 3434 scilicet
421 3401 514 3432 summa
532 3401 574 3430 sua
601 3387 775 3442 pulchritudine
802 3393 838 3444 (et
858 3391 880 3434 vi
899 3390 997 3450 insita),
1023 3391 1094 3434 etiam
1187 3388 1191 3391 ”

84 3465 143 3516 post
165 3473 233 3502 aima
254 3459 346 3504 abiecta
369 3460 442 3504 conda
466 3457 587 3502 hominum
605 3458 715 3502 vutnenet
736 3462 805 3514 atque
824 3459 943 3506 incendat.
979 3460 1095 3518 Vulgaris
1118 3483 1127 3500 a

84 3546 99 3574 a
116 3529 221 3574 Pithoeo
243 3530 347 3584 primum
362 3530 496 3587 excogitata
518 3527 588 3571 tectio
609 3521 746 3571 Totae'est
765 3528 792 3571 in
813 3531 894 3574 arenis
913 3529 979 3574 idem
996 3534 1096 3585 propter

83 3601 220 3656 spondeum
239 3601 309 3644 tertia
328 3601 384 3644 sedo
403 3599 507 3654 positum
518 3597 577 3640 ferni
597 3609 644 3640 non
663 3596 766 3651 potest.'¹
801 3599 876 3644 Recte
898 3612 968 3644 veno:
987 3613 1042 3642 nam
1059 3600 1095 3642 vi·
1146 3578 1154 3600 '

82 3673 119 3715 tia
143 3671 244 3717 metrica
273 3672 308 3714 vet
336 3669 452 3714 mediocri
470 3669 540 3712 istius
561 3667 645 3710 aetatis
674 3669 759 3724 poetae
782 3669 844 3712 ultro
863 3669 952 3713 interne
975 3682 1095 3726 uunquam

81 3739 210 3786 debemus.
259 3741 305 3784 Sed
324 3740 458 3784 Scriverius
474 3739 512 3782 vel
528 3738 603 3792 ipsius
628 3737 713 3787 potitae
731 3751 827 3782 manum
844 3739 963 3793 restituit,
983 3741 1045 3794 quod
1062 3739 1094 3781 ti·

79 3811 179 3862 beritius
199 3810 309 3866 equidem
328 3811 452 3854 onedenem
475 3821 618 3864 quamquam
644 3807 811 3852 traiectiouum
834 3809 958 3863 inimicus,
983 3811 1036 3862 vet,
1071 3811 1097 3850 ut

81 3880 209 3925 Beutteius
227 3879 264 3924 bis
286 3885 352 3924 terve
376 3879 501 3922 Horatium
524 3877 619 3934 ipsum,
651 3877 712 3922 huuc
740 3884 849 3922 nostrum
874 3879 981 3922 connexit
1003 3891 1094 3933 propo-

83 3961 163 3996 nens:
183 3946 232 3993 Eat
246 3949 273 3994 in
291 3949 372 3994 armis
388 3955 452 3994 totas
470 3946 553 4001 idem,
573 3947 672 4006 quando
685 3945 768 3994 nudus
780 3955 818 3994 eet
826 3947 914 4006 Ainos.
952 3949 1015 3994 ttaec
1030 3949 1094 3994 enisu
