2846 4736
291 366 329 434 16

199 576 202 590 1
290 505 396 588 sieque
420 507 481 572 Cd.
507 507 608 584 Pitli.)
631 527 664 568 v.
690 508 721 568 7.
745 507 861 588 gravit
876 503 1015 569 omnino
1036 495 1160 568 insueti
1178 527 1284 570 sonus

290 611 382 687 (teste
398 611 483 671 Gud.
501 641 537 672 =
550 609 667 692 gravis
683 609 820 674 omnino
839 601 982 670 insuetis
1000 607 1163 671 onm‘cd.
1181 609 1283 690 Pith.)

291 733 324 772 v.
350 711 401 772 12.
425 724 462 773 ut
484 723 707 794 compesceret
730 713 825 790 (teste
849 710 955 773 Gudio
984 733 1059 794 pag.
1092 711 1148 774 93.
1174 710 1282 796 sicque

292 812 354 878 ce.
378 813 482 892 Ptin.)
894 795 898 803 ’
1080 813 1083 820 ¹

241 947 250 960 ι
353 917 428 978 Hoc
451 915 680 979 vero'firmiter
704 917 875 978 tenendum
900 929 967 991 est,
1000 935 1123 979 omnum
1148 915 1301 986 nerietn-.

289 1029 352 1080 tem
383 1039 400 1078 a
429 1019 534 1080 Gudio
559 1039 578 1079 e
605 1021 680 1082 Ms.
704 1019 847 1093 allatam,
885 1019 977 1083 etiam
1007 1019 1033 1081 si
1065 1036 1127 1080 non
1157 1021 1301 1100 semper

287 1119 443 1182 ‹eddiderit
464 1125 582 1195 Rem„
618 1123 718 1204 (q·uod
750 1131 852 1182 temen
877 1123 996 1184 crebro
1019 1121 1109 1196 lacit)
1136 1143 1199 1184 non
1225 1123 1281 1182 nli-

287 1226 369 1286 unde
396 1225 539 1284 haustam
574 1243 755 1306 essequam
782 1245 799 1285 e
822 1222 884 1288 Cd.
909 1222 1071 1287 Remenei.
1119 1225 1222 1286 ·Velttt
1251 1224 1280 1286 in

286 1325 340 1387 his
360 1340 419 1388 sex
436 1324 623 1388 lectionibus
637 1324 759 1386 tertiam
778 1325 912 1408 queris,
926 1337 1080 1407 ,qttertntn
1094 1325 1164 1400 hle,
1177 1326 1282 1407 ,quim

288 1419 354 1488 tain
379 1427 497 1508 gronio
519 1439 582 1488 eet.
603 1447 668 1490 non
702 1429 805 1508 potuit
833 1430 995 1492 desumere
1018 1428 1281 1508 ,exfiAppendioe

191 1537 192 1544 ’
287 1530 488 1602 Pithoeane,
510 1529 566 1591 ubi
586 1551 647 1594 oon
664 1542 896 1604 memorantur,
920 1539 952 1592 et
970 1530 1012 1594 in»
1026 1543 1119 1594 sente
1137 1542 1175 1594 ut
1189 1549 1280 1592 eom-

284 1643 439 1714 peseeret
454 1653 471 1694 a
494 1633 632 1698 Pithoeo
651 1633 768 1706 relata,
783 1631 877 1694 *addit
899 1636 991 1704 „Mn
1010 1636 1106 1697 Rem.
1121 1645 1154 1694 et
1167 1633 1281 1696 Pttt.”

287 1717 387 1815 ‚Quod
417 1754 495 1796 vero
524 1733 555 1795 in
578 1733 762 1814 prima’dos
788 1734 921 1817 Rigaltii
949 1747 1068 1796 tantum
1101 1733 1282 1798 testimonio

287 1836 411 1912 utitur,
430 1857 470 1898 en
484 1857 525 1899 eo
547 1835 764 1915 explicandum
785 1847 851 1910 est,
875 1839 960 1911 quod
981 1837 1072 1898 variis
1087 1833 1282 1918 temporibus

272 1949 320 2029 Χεἰ
344 1949 493 2020 quattuor
523 1938 553 2000 in
583 1936 813 2017 exemplaribus
836 1939 1051 2000 annotationes
1080 1959 1151 2000 sites
1170 1959 1282 2000 enara-

289 2039 348 2102 nit.
378 2041 448 2102 ·Illa
472 2039 587 2122 igitur,
613 2039 641 2100 in
669 2061 730 2120 qua
757 2039 895 2120 disputat
917 2043 955 2122 de
980 2041 1115 2104 lectione
1137 2042 1216 2115 doe,
1240 2062 1280 2104 eo

208 2195 210 2202 ,
287 2153 432 2223 ternpore
453 2142 553 2204 literis
576 2144 717 2202 mandate
743 2140 884 2217 videtne,
923 2163 987 2224 quo
1018 2147 1152 2206 nondum
1174 2145 1280 2206 Phne-

287 2245 499 2307 drieodieem
532 2245 720 2306 Remensem
756 2255 946 2308 excusserat.
1004 2247 1160 2326 Supplere
1180 2244 1279 2328 igitur

286 2347 512 2430 et.eorrigere
541 2347 695 2409 interdum
729 2367 746 2408 e
783 2345 880 2408 Gndii
913 2345 995 2411 euris
1033 2347 1127 2410 debui
1151 2349 1280 2413 schedas

288 2450 469 2522 Vincentii3
501 2470 565 2532 qno
592 2449 679 2511 sacto
709 2460 739 2510 et
767 2447 908 2510 instituta
933 2447 1079 2512 continue
1111 2453 1279 2529 eompara-

287 2553 374 2614 tione
393 2551 560 2614 Pithoeani
577 2550 717 2612 intellexi
740 2550 794 2612 vix
808 2550 878 2612 fieri
891 2551 1013 2630 posse,
1028 2563 1062 2614 ut
1082 2551 1114 2612 in
1131 2553 1279 2614 Remenei

287 2655 402 2716 multae
424 2653 575 2716 lectiones
600 2653 702 2716 bonne
722 2652 824 2736 frugis
845 2653 1040 2728 delituerint,
1063 2675 1142 2736 nune
1159 2655 1305 2716 utrum?

222 2761 228 2782 ²
286 2778 367 2840 que,
388 2755 575 2819 et'Gudium
597 2767 628 2817 et
654 2755 876 2828 vincentium,
900 2755 1053 2838 fugerint.
1083 2798 1086 2806 ·

350 2861 486 2939 Interea
500 2867 601 2922 autem
624 2857 744 2922 indoles
772 2855 834 2922 Cd.
856 2859 1019 2924 Remensis
1040 2857 1190 2925 eiusmodi
1205 2860 1276 2936 luit,

286 2949 468 3044 utaliquot
497 2961 647 3024 lectiones
677 2959 822 3023 meliores
851 2960 1277 3038 Pithoeanis-eontinnerit,

286 3063 385 3126 veluti
411 3063 513 3124 statim
549 3063 666 3143 primes
702 3063 768 3124 illas
791 3063 853 3150 clos¹
877 3083 938 3144 pro
965 3085 1066 3138 moe,
1077 3063 1277 3155 fiuee‘pro

281 3165 379 3254 fane.
423 3164 561 3230 Omnino
585 3168 770 3230 Remensem
795 3165 1001 3249 antiquiorem
1021 3179 1101 3247 pute
1126 3168 1220 3230 sitisse
1240 3189 1277 3230 v.

284 3292 316 3330 o.
339 3268 416 3330 Lib.
439 3269 475 3342 2,
501 3269 537 3342 9,
573 3270 604 3330 1.
627 3266 682 3328 ubi
700 3289 783 3330 nnnc
805 3289 822 3329 e
845 3267 907 3342 Cd.
932 3269 1057 3332 Perotti
1083 3279 1115 3332 et
1133 3291 1174 3332 en
1191 3269 1277 3332 lelici

285 3370 381 3434 Gudii
408 3369 492 3434 coni.
522 3369 637 3452 legitur
663 3369 791 3450 Aesopi
819 3369 975 3454 ingente,
1014 3372 1113 3434 Rem.
1142 3373 1278 3434 habebat

175 3465 204 3498 '¹
284 3473 413 3555 Aesopi
433 3473 635 3556 ingentem,
664 3471 829 3554 vestigium
860 3467 958 3554 igitur
992 3471 1151 3546 veritatis,
1185 3473 1275 3538 Pith.

284 3597 364 3638 vero
387 3576 546 3659 vulgatam
579 3585 648 3636 ante
674 3575 809 3636 Gudinm
840 3577 977 3655 Aesopo
1005 3575 1188 3658 ingentem.
1232 3577 1277 3641 Et

284 3677 330 3768 sic
348 3679 510 3759 complura
533 3677 562 3738 in
585 3676 672 3746 Pith.
695 3695 830 3756 prorsus
845 3689 995 3756 corrupte
1015 3677 1175 3755 reperies,
1197 3697 1276 3757 quae

247 3861 251 3868 x
284 3781 448 3842 nonnisie
470 3779 624 3858 seniptnrn
651 3779 751 3842 levius
781 3779 892 3841 effecta
926 3778 1089 3844 Remensis
1121 3779 1276 3858 explicari

285 3858 429 3962 possunt.
474 3882 569 3960 Quod
592 3892 692 3942 etitem
710 3883 747 3940 ad
767 3891 868 3944 totum
885 3881 1003 3964 eorpus
1019 3879 1172 3956 pertinet,
1197 3883 1277 3944 atleo

285 3995 356 4048 sunt
377 3984 491 4048 similes
510 3984 604 4050 Rern.
626 3994 656 4048 et
679 3983 786 4062 Pith.,
812 3995 846 4052 ut
865 3984 916 4048 hie
933 4005 973 4054 ex
994 3983 1049 4049 illo
1073 3983 1123 4046 vel
1145 3995 1276 4068 uterque
