2816 4716
244 1211 245 1218 ,
298 1139 361 1214 ΒΕ
388 1137 568 1214 CODICE
597 1133 884 1213 DANIELINO.

476 1319 697 1338 *u-

159 1479 262 1560 Quam
279 1476 414 1560 ⁴incerta
447 1485 480 1548 et
511 1494 659 1541 erronum
688 1474 782 1558 plena
810 1469 915 1538 omnia
939 1465 1075 1542 fueeint,

91 1579 236 1670 quae'de
260 1578 384 1646 Codice
396 1579 566 1644 Danielino
584 1580 687 1645 adhuc
707 1573 939 1656 iunotuerant.
951 1568 1077 1654 perspi

92 1685 179 1761 cies,
215 1684 338 1760 lector,
375 1703 417 1754 ex
437 1682 496 1760 iis,
533 1703 614 1768 quae
640 1703 742 1765 pagg.
764 1681 815 1743 17.
839 1677 931 1763 seqq.
976 1673 1078 1737 Prae-

90 1785 226 1852 fationis
251 1807 339 1850 meae
364 1789 402 1850 de
424 1792 469 1850 'eo
500 1783 673 1867 disputavi.
716 1783 812 1846 Nunc
834 1799 930 1866 quum
952 1777 1078 1840 tandem

92 1895 200 1956 denuo
221 1910 372 1963 excussus
394 1887 434 1952 sit
454 1890 494 1950 ab
515 1885 645 1972 Angelo
668 1885 776 1960 Maio,
805 1886 853 1948 V.
879 1881 939 1956 C.‚
974 1876 1079 1942 omnia
1147 1955 1167 1969 „
1273 1908 1275 1922 ›

93 1994 160 2058 iam
186 1996 226 2056 ad
250 1991 405 2078 liquidum
425 1993 580 2074 perducta
613 2005 680 2052 esse
710 1986 824 2052 merito
857 2005 979 2048 mecum
1002 2000 1079 2065 gau-

81 2095 201 2161 debis.
246 2093 399 2160 Continet
422 2093 450 2158 is
479 2111 560 2179 engo
583 2089 696 2155 Libri'
711 2089 808 2174 primi
829 2085 968 2154 Fabulae
1002 2093 1079 2148 octo

96 2195 281 2262 dumtaxat:
321 2197 444 2264 scilicet
469 2197 535 2267 XI.
564 2196 648 2260 XII.
674 2194 777 2258 XIII.
801 2191 919 2256 XVII.
944 2185 1079 2253 XVIII.

96 2303 198 2368 XIX.
220 2303 303 2367 XX.
326 2301 426 2366 XXI.
470 2299 536 2362 Sed
556 2296 717 2361 audiamus
734 2294 860 2362 Maium
879 2292 996 2378 ipsum.

456 2513 749 2534 dnn-nun--ut-fl

409 2745 480 2826 DE
510 2733 775 2826 ΡΗΑΕΒΒἸ

193 2909 494 2975 annemundo
516 2909 708 2972 vaunnn
730 2903 1004 3026 vausune.

485 3068 707 3086 fl-t———n—h—

168 3193 345 3273 Codicum,
367 3193 423 3282 qui
436 3194 580 3262 Phaedri
593 3195 717 3261 fabulas
732 3194 911 3273 continent,
934 3212 1086 3260 summam

101 3319 174 3366 esse
205 3300 386 3383 penuriam,
423 3299 540 3365 eruditi
569 3299 685 3364 sciunt.
728 3298 856 3365 Etenim
886 3297 1034 3384 antiquus
1055 3307 1088 3362 et

101 3402 216 3486 plenus
239 3401 449 3488 cognoscitur
470 3425 550 3466 unus
578 3402 791 3480 Pithoeanus,
824 3401 907 3466 unde
936 3399 1088 3485 princeps

102 3503 204 3570 editio
221 3503 364 3587 prodiit3
394 3505 449 3591 qui
470 3509 575 3572 codex
596 3503 756 3591 quantivis
777 3503 893 3588 pretii,
923 3525 1088 3586 superesse

102 3607 140 3670 in
162 3607 269 3674 Gallia
290 3611 394 3674 adhuc
417 3607 547 3674 dicitur.
597 3607 692 3673 Alter
714 3619 782 3672 enat
804 3607 929 3692 priscos
949 3610 1088 3672 Remen-

103 3710 163 3786 sis,
197 3712 253 3797 qui
284 3733 366 3777 anno
394 3712 699 3778 MDCCLXXIV.
726 3711 874 3777 incendio
903 3713 1089 3790 absumptus

101 3811 179 3876 suit.
225 3815 355 3878 Tertius
379 3816 522 3880 Phaedri
551 3819 655 3880 codex
682 3819 722 3879 ab
750 3813 882 3880 eruditis
909 3811 1089 3896 appellatur

103 3915 319 4000 fragmentum
340 3928 499 3982 vetustum
517 3922 693 4003 quoddam,
727 3922 814 4005 quod
835 3920 952 3984 Petrus
972 3911 1089 3980 Daniel

105 4042 125 4083 e
146 4019 312 4096 vastitate,
346 4042 440 4106 quam
462 4018 664 4085 Floriacensi
682 4023 718 4086 S.
740 4019 907 4086 Benedicti
927 4014 1089 4086 coenobio
