<?xml version="1.0" encoding="UTF-8"?>
<!DOCTYPE html PUBLIC "-//W3C//DTD XHTML 1.0 Transitional//EN"
    "http://www.w3.org/TR/xhtml1/DTD/xhtml1-transitional.dtd">
<html xmlns="http://www.w3.org/1999/xhtml" xml:lang="en" lang="en">
 <head>
  <title>
</title>
<meta http-equiv="Content-Type" content="text/html;charset=utf-8" />
  <meta name='ocr-system' content='tesseract 3.04.00' />
  <meta name='ocr-capabilities' content='ocr_page ocr_carea ocr_par ocr_line ocrx_word'/>
</head>
<body>
  <div class='ocr_page' id='page_1' title='image "./phaedriaugliber00phaegoog_0016.png"; bbox 0 0 2846 4736; ppageno 0'>
   <div class='ocr_carea' id='block_1_1' title="bbox 132 340 1131 666">
    <p class='ocr_par' dir='ltr' id='par_1_1' title="bbox 132 340 1131 666">
     <span class='ocr_line' id='line_1_1' title="bbox 1091 340 1128 403; baseline 0.027 -1"><span class='ocrx_word' id='word_1_1' title='bbox 1091 340 1128 403; x_wconf 89' lang='grc'><strong>11</strong></span> 
     </span>
     <span class='ocr_line' id='line_1_2' title="bbox 132 449 1131 565; baseline -0.01 -13"><span class='ocrx_word' id='word_1_2' title='bbox 132 449 327 552; x_wconf 82' lang='lat' dir='ltr'><strong>Dueoeuses</strong></span> <span class='ocrx_word' id='word_1_3' title='bbox 349 485 413 547; x_wconf 90' lang='lat' dir='ltr'><strong>boa</strong></span> <span class='ocrx_word' id='word_1_4' title='bbox 432 501 511 548; x_wconf 86' lang='lat' dir='ltr'><strong>vero</strong></span> <span class='ocrx_word' id='word_1_5' title='bbox 536 478 750 564; x_wconf 79' lang='lat' dir='ltr'><strong>probabilius,</strong></span> <span class='ocrx_word' id='word_1_6' title='bbox 775 501 870 565; x_wconf 76' lang='lat' dir='ltr'><strong>qttruu</strong></span> <span class='ocrx_word' id='word_1_7' title='bbox 894 479 996 546; x_wconf 81' lang='lat' dir='ltr'><strong>Duaci</strong></span> <span class='ocrx_word' id='word_1_8' title='bbox 1022 477 1131 544; x_wconf 84' lang='lat' dir='ltr'><strong>etism·</strong></span> 
     </span>
     <span class='ocr_line' id='line_1_3' title="bbox 133 582 1131 666; baseline -0.007 -13"><span class='ocrx_word' id='word_1_9' title='bbox 133 612 220 653; x_wconf 86' lang='lat' dir='ltr'><strong>nunc</strong></span> <span class='ocrx_word' id='word_1_10' title='bbox 239 597 342 652; x_wconf 80' lang='lat' dir='ltr'><strong>exstet</strong></span> <span class='ocrx_word' id='word_1_11' title='bbox 356 588 461 650; x_wconf 78' lang='lat' dir='ltr'><strong>codex</strong></span> <span class='ocrx_word' id='word_1_12' title='bbox 474 583 629 661; x_wconf 75' lang='lat' dir='ltr'>Phaedri,</span> <span class='ocrx_word' id='word_1_13' title='bbox 651 586 760 650; x_wconf 84' lang='lat' dir='ltr'><strong>eodem</strong></span> <span class='ocrx_word' id='word_1_14' title='bbox 777 583 809 646; x_wconf 86' lang='lat' dir='ltr'><strong>in</strong></span> <span class='ocrx_word' id='word_1_15' title='bbox 824 583 943 665; x_wconf 87' lang='lat' dir='ltr'><strong>oppido</strong></span> <span class='ocrx_word' id='word_1_16' title='bbox 965 582 1131 666; x_wconf 79' lang='lat' dir='ltr'><strong>aliquando</strong></span> 
     </span>
    </p>
   </div>
   <div class='ocr_carea' id='block_1_2' title="bbox 129 685 1134 1384">
    <p class='ocr_par' dir='ltr' id='par_1_2' title="bbox 133 685 1131 858">
     <span class='ocr_line' id='line_1_4' title="bbox 133 685 1131 773; baseline -0.006 -19"><span class='ocrx_word' id='word_1_17' title='bbox 133 701 297 773; x_wconf 82' lang='lat' dir='ltr'><strong>repertum</strong></span> <span class='ocrx_word' id='word_1_18' title='bbox 329 708 396 752; x_wconf 88' lang='lat' dir='ltr'><strong>esse</strong></span> <span class='ocrx_word' id='word_1_19' title='bbox 423 687 515 751; x_wconf 83' lang='lat' dir='ltr'><strong>etiam</strong></span> <span class='ocrx_word' id='word_1_20' title='bbox 544 687 754 752; x_wconf 85' lang='lat' dir='ltr'><strong>Pithoesnurn</strong></span> <span class='ocrx_word' id='word_1_21' title='bbox 785 686 975 768; x_wconf 87' lang='lat' dir='ltr'><strong>descriptum</strong></span> <span class='ocrx_word' id='word_1_22' title='bbox 1007 705 1048 748; x_wconf 79' lang='lat' dir='ltr'><strong>ex</strong></span> <span class='ocrx_word' id='word_1_23' title='bbox 1076 685 1131 748; x_wconf 88' lang='lat' dir='ltr'><strong>iilo</strong></span> 
     </span>
     <span class='ocr_line' id='line_1_5' title="bbox 135 795 413 858; baseline 0 0"><span class='ocrx_word' id='word_1_24' title='bbox 135 795 191 858; x_wconf 85' lang='lat' dir='ltr'><strong>vel</strong></span> <span class='ocrx_word' id='word_1_25' title='bbox 212 804 335 856; x_wconf 81' lang='lat' dir='ltr'><strong>contra.</strong></span> <span class='ocrx_word' id='word_1_26' title='bbox 410 851 413 858; x_wconf 94' lang='lat'>.</span> 
     </span>
    </p>

    <p class='ocr_par' dir='ltr' id='par_1_3' title="bbox 129 890 1134 1384">
     <span class='ocr_line' id='line_1_6' title="bbox 201 890 1133 974; baseline -0.006 -16"><span class='ocrx_word' id='word_1_27' title='bbox 201 895 378 958; x_wconf 81' lang='lat' dir='ltr'><strong>Pitboeeno</strong></span> <span class='ocrx_word' id='word_1_28' title='bbox 400 903 502 954; x_wconf 86' lang='lat' dir='ltr'><strong>autern</strong></span> <span class='ocrx_word' id='word_1_29' title='bbox 525 891 633 955; x_wconf 86' lang='lat' dir='ltr'><strong>codice</strong></span> <span class='ocrx_word' id='word_1_30' title='bbox 658 901 729 952; x_wconf 82' lang='lat' dir='ltr'><strong>ante</strong></span> <span class='ocrx_word' id='word_1_31' title='bbox 748 891 924 974; x_wconf 82' lang='lat' dir='ltr'><strong>Rergerum</strong></span> <span class='ocrx_word' id='word_1_32' title='bbox 950 892 1052 954; x_wconf 89' lang='lat' dir='ltr'><strong>denuo</strong></span> <span class='ocrx_word' id='word_1_33' title='bbox 1084 890 1133 952; x_wconf 85' lang='lat' dir='ltr'><strong>usi</strong></span> 
     </span>
     <span class='ocr_line' id='line_1_7' title="bbox 129 992 1132 1080; baseline -0.006 -20"><span class='ocrx_word' id='word_1_34' title='bbox 129 999 211 1060; x_wconf 88' lang='lat' dir='ltr'><strong>&#39;sunt</strong></span> <span class='ocrx_word' id='word_1_35' title='bbox 233 994 409 1080; x_wconf 74' lang='lat' dir='ltr'><strong>Rigutius,</strong></span> <span class='ocrx_word' id='word_1_36' title='bbox 434 993 495 1056; x_wconf 85' lang='lat' dir='ltr'><strong>etei</strong></span> <span class='ocrx_word' id='word_1_37' title='bbox 513 994 630 1055; x_wconf 85' lang='lat' dir='ltr'><strong>nullum</strong></span> <span class='ocrx_word' id='word_1_38' title='bbox 648 993 714 1056; x_wconf 83' lang='lat' dir='ltr'><strong>eius</strong></span> <span class='ocrx_word' id='word_1_39' title='bbox 731 993 776 1054; x_wconf 83' lang='lat' dir='ltr'><strong>roi</strong></span> <span class='ocrx_word' id='word_1_40' title='bbox 798 992 966 1076; x_wconf 84' lang='lat' dir='ltr'><strong>uestigium</strong></span> <span class='ocrx_word' id='word_1_41' title='bbox 980 1004 1080 1056; x_wconf 82' lang='lat' dir='ltr'><strong>exstet</strong></span> <span class='ocrx_word' id='word_1_42' title='bbox 1101 993 1132 1054; x_wconf 88' lang='lat' dir='ltr'><strong>in</strong></span> 
     </span>
     <span class='ocr_line' id='line_1_8' title="bbox 136 1093 1133 1181; baseline -0.004 -21"><span class='ocrx_word' id='word_1_43' title='bbox 136 1098 337 1181; x_wconf 78' lang='lat' dir='ltr'>praefatione</span> <span class='ocrx_word' id='word_1_44' title='bbox 360 1095 518 1159; x_wconf 86' lang='lat' dir='ltr'><strong>Editionis</strong></span> <span class='ocrx_word' id='word_1_45' title='bbox 533 1094 731 1180; x_wconf 82' lang='lat' dir='ltr'><strong>Rigaltienae</strong></span> <span class='ocrx_word' id='word_1_46' title='bbox 753 1093 935 1176; x_wconf 62' lang='lat' dir='ltr'><strong>priruae*);</strong></span> <span class='ocrx_word' id='word_1_47' title='bbox 958 1105 1022 1156; x_wconf 83' lang='lat' dir='ltr'><strong>turn</strong></span> <span class='ocrx_word' id='word_1_48' title='bbox 1044 1095 1133 1158; x_wconf 84' lang='lat' dir='ltr'><strong>Bou-</strong></span> 
     </span>
     <span class='ocr_line' id='line_1_9' title="bbox 138 1197 1133 1286; baseline -0.003 -23"><span class='ocrx_word' id='word_1_49' title='bbox 138 1201 283 1286; x_wconf 84' lang='lat' dir='ltr'><strong>garsius,</strong></span> <span class='ocrx_word' id='word_1_50' title='bbox 317 1211 353 1262; x_wconf 87' lang='lat' dir='ltr'><strong>ut</strong></span> <span class='ocrx_word' id='word_1_51' title='bbox 375 1219 451 1261; x_wconf 80' lang='lat' dir='ltr'><strong>mox</strong></span> <span class='ocrx_word' id='word_1_52' title='bbox 480 1199 723 1272; x_wconf 79' lang='lat' dir='ltr'><strong>demonstrab03</strong></span> <span class='ocrx_word' id='word_1_53' title='bbox 754 1198 863 1260; x_wconf 87' lang='lat' dir='ltr'><strong>deinde</strong></span> <span class='ocrx_word' id='word_1_54' title='bbox 881 1197 1019 1261; x_wconf 76' lang='lat' dir='ltr'><strong>fortasse</strong></span> <span class='ocrx_word' id='word_1_55' title='bbox 1041 1198 1133 1260; x_wconf 91' lang='lat' dir='ltr'><strong>Auo·</strong></span> 
     </span>
     <span class='ocr_line' id='line_1_10' title="bbox 137 1299 1134 1384; baseline -0.004 -18"><span class='ocrx_word' id='word_1_56' title='bbox 137 1324 252 1383; x_wconf 87' lang='lat' dir='ltr'><strong>nymus</strong></span> <span class='ocrx_word' id='word_1_57' title='bbox 282 1299 494 1384; x_wconf 48' lang='lat' dir='ltr'><strong>norges-itt»</strong></span> <span class='ocrx_word' id='word_1_58' title='bbox 518 1312 693 1381; x_wconf 88' lang='lat' dir='ltr'><strong>postremo</strong></span> <span class='ocrx_word' id='word_1_59' title='bbox 715 1299 916 1364; x_wconf 83' lang='lat' dir='ltr'><strong>Brotierius:</strong></span> <span class='ocrx_word' id='word_1_60' title='bbox 954 1299 1134 1382; x_wconf 77' lang='lat' dir='ltr'>neutiquam</span> 
     </span>
    </p>
   </div>
   <div class='ocr_carea' id='block_1_3' title="bbox 137 1461 1183 3329">
    <p class='ocr_par' dir='ltr' id='par_1_4' title="bbox 137 1461 1183 3329">
     <span class='ocr_line' id='line_1_11' title="bbox 190 1461 1134 1522; baseline 0.002 -16"><span class='ocrx_word' id='word_1_61' title='bbox 190 1461 213 1520; x_wconf 75' lang='lat'><strong>¹⁸)</strong></span> <span class='ocrx_word' id='word_1_62' title='bbox 231 1463 327 1522; x_wconf 74' lang='lat' dir='ltr'><strong>nigenii</strong></span> <span class='ocrx_word' id='word_1_63' title='bbox 344 1462 418 1506; x_wconf 85' lang='lat' dir='ltr'><strong>verbs</strong></span> <span class='ocrx_word' id='word_1_64' title='bbox 435 1462 492 1506; x_wconf 86' lang='lat' dir='ltr'><strong>bsec</strong></span> <span class='ocrx_word' id='word_1_65' title='bbox 510 1468 581 1507; x_wconf 85' lang='lat' dir='ltr'><strong>sunt:</strong></span> <span class='ocrx_word' id='word_1_66' title='bbox 606 1463 708 1518; x_wconf 78' lang='lat' dir='ltr'><strong>„Prima</strong></span> <span class='ocrx_word' id='word_1_67' title='bbox 724 1463 793 1507; x_wconf 89' lang='lat' dir='ltr'><strong>buius</strong></span> <span class='ocrx_word' id='word_1_68' title='bbox 810 1464 914 1507; x_wconf 86' lang='lat' dir='ltr'><strong>suctoris</strong></span> <span class='ocrx_word' id='word_1_69' title='bbox 933 1466 1006 1509; x_wconf 89' lang='lat' dir='ltr'><strong>editio</strong></span> <span class='ocrx_word' id='word_1_70' title='bbox 1024 1469 1134 1510; x_wconf 73' lang='lat' dir='ltr'><strong>securata</strong></span> 
     </span>
     <span class='ocr_line' id='line_1_12' title="bbox 137 1531 1132 1590; baseline 0.001 -12"><span class='ocrx_word' id='word_1_71' title='bbox 137 1535 205 1579; x_wconf 85' lang='lat' dir='ltr'><strong>bono</strong></span> <span class='ocrx_word' id='word_1_72' title='bbox 216 1534 310 1589; x_wconf 87' lang='lat' dir='ltr'><strong>pubtiru</strong></span> <span class='ocrx_word' id='word_1_73' title='bbox 324 1532 370 1576; x_wconf 80' lang='lat' dir='ltr'><strong>nu</strong></span> <span class='ocrx_word' id='word_1_74' title='bbox 381 1531 410 1575; x_wconf 84' lang='lat' dir='ltr'><strong>sb</strong></span> <span class='ocrx_word' id='word_1_75' title='bbox 429 1531 568 1576; x_wconf 77' lang='lat' dir='ltr'><strong>clarissimis</strong></span> <span class='ocrx_word' id='word_1_76' title='bbox 580 1531 701 1587; x_wconf 81' lang='lat' dir='ltr'><strong>Pithoeis,</strong></span> <span class='ocrx_word' id='word_1_77' title='bbox 720 1535 820 1576; x_wconf 85' lang='lat' dir='ltr'><strong>summis</strong></span> <span class='ocrx_word' id='word_1_78' title='bbox 835 1533 981 1590; x_wconf 83' lang='lat' dir='ltr'><strong>entiquitstis</strong></span> <span class='ocrx_word' id='word_1_79' title='bbox 992 1535 1132 1580; x_wconf 81' lang='lat' dir='ltr'><strong>vindicibus.</strong></span> 
     </span>
     <span class='ocr_line' id='line_1_13' title="bbox 137 1598 1135 1660; baseline -0.004 -10"><span class='ocrx_word' id='word_1_80' title='bbox 137 1605 176 1650; x_wconf 83' lang='lat' dir='ltr'><strong>De</strong></span> <span class='ocrx_word' id='word_1_81' title='bbox 192 1603 294 1648; x_wconf 78' lang='lat' dir='ltr'><strong>secunda</strong></span> <span class='ocrx_word' id='word_1_82' title='bbox 317 1598 595 1658; x_wconf 76' lang='lat' dir='ltr'><strong>(seil.1iittersirusii.·)</strong></span> <span class='ocrx_word' id='word_1_83' title='bbox 625 1603 696 1645; x_wconf 88' lang='lat' dir='ltr'><strong>siiere</strong></span> <span class='ocrx_word' id='word_1_84' title='bbox 714 1602 798 1646; x_wconf 83' lang='lat' dir='ltr'><strong>meiius</strong></span> <span class='ocrx_word' id='word_1_85' title='bbox 816 1607 882 1656; x_wconf 90' lang='lat' dir='ltr'><strong>puto.</strong></span> <span class='ocrx_word' id='word_1_86' title='bbox 921 1604 982 1660; x_wconf 82' lang='lat' dir='ltr'><strong>Quid</strong></span> <span class='ocrx_word' id='word_1_87' title='bbox 999 1603 1046 1646; x_wconf 84' lang='lat' dir='ltr'><strong>iuur</strong></span> <span class='ocrx_word' id='word_1_88' title='bbox 1064 1605 1135 1650; x_wconf 87' lang='lat' dir='ltr'><strong>tertis</strong></span> 
     </span>
     <span class='ocr_line' id='line_1_14' title="bbox 137 1669 1135 1728; baseline -0.003 -9"><span class='ocrx_word' id='word_1_89' title='bbox 137 1675 184 1719; x_wconf 80' lang='lat' dir='ltr'><strong>ber</strong></span> <span class='ocrx_word' id='word_1_90' title='bbox 208 1677 291 1718; x_wconf 78' lang='lat' dir='ltr'><strong>nostra</strong></span> <span class='ocrx_word' id='word_1_91' title='bbox 313 1669 452 1726; x_wconf 77' lang='lat' dir='ltr'><strong>praestitum</strong></span> <span class='ocrx_word' id='word_1_92' title='bbox 471 1671 516 1723; x_wconf 90' lang='lat' dir='ltr'><strong>sit,</strong></span> <span class='ocrx_word' id='word_1_93' title='bbox 543 1673 591 1714; x_wconf 86' lang='lat' dir='ltr'><strong>tute</strong></span> <span class='ocrx_word' id='word_1_94' title='bbox 615 1671 666 1712; x_wconf 85' lang='lat' dir='ltr'><strong>ride</strong></span> <span class='ocrx_word' id='word_1_95' title='bbox 690 1673 713 1713; x_wconf 85' lang='lat' dir='ltr'><strong>et</strong></span> <span class='ocrx_word' id='word_1_96' title='bbox 740 1670 800 1714; x_wconf 82' lang='lat' dir='ltr'><strong>vste.</strong></span> <span class='ocrx_word' id='word_1_97' title='bbox 842 1671 946 1716; x_wconf 78' lang='lat' dir='ltr'><strong>Fabulae</strong></span> <span class='ocrx_word' id='word_1_98' title='bbox 969 1672 1059 1728; x_wconf 76' lang='lat' dir='ltr'><strong>aliquot</strong></span> <span class='ocrx_word' id='word_1_99' title='bbox 1081 1686 1135 1716; x_wconf 85' lang='lat' dir='ltr'><strong>curn</strong></span> 
     </span>
     <span class='ocr_line' id='line_1_15' title="bbox 138 1739 1134 1798; baseline -0.002 -10"><span class='ocrx_word' id='word_1_100' title='bbox 138 1746 173 1788; x_wconf 79' lang='lat' dir='ltr'><strong>V.</strong></span> <span class='ocrx_word' id='word_1_101' title='bbox 193 1741 233 1787; x_wconf 86' lang='lat' dir='ltr'><strong>Gi.</strong></span> <span class='ocrx_word' id='word_1_102' title='bbox 251 1741 281 1785; x_wconf 84' lang='grc' dir='ltr'><strong>Ρ.</strong></span> <span class='ocrx_word' id='word_1_103' title='bbox 299 1740 405 1785; x_wconf 78' lang='lat' dir='ltr'><strong>Danielis</strong></span> <span class='ocrx_word' id='word_1_104' title='bbox 424 1739 530 1784; x_wconf 79' lang='lat' dir='ltr'><strong>eber-tute</strong></span> <span class='ocrx_word' id='word_1_105' title='bbox 549 1740 639 1782; x_wconf 75' lang='lat' dir='ltr'><strong>cateno</strong></span> <span class='ocrx_word' id='word_1_106' title='bbox 657 1744 753 1782; x_wconf 69' lang='lat' dir='ltr'><strong>exurite</strong></span> <span class='ocrx_word' id='word_1_107' title='bbox 765 1740 864 1783; x_wconf 82' lang='lat' dir='ltr'><strong>rotistss</strong></span> <span class='ocrx_word' id='word_1_108' title='bbox 876 1741 956 1786; x_wconf 81' lang='lat' dir='ltr'><strong>hebui.</strong></span> <span class='ocrx_word' id='word_1_109' title='bbox 976 1741 1062 1784; x_wconf 87' lang='lat' dir='ltr'><strong>Ceters</strong></span> <span class='ocrx_word' id='word_1_110' title='bbox 1074 1755 1134 1798; x_wconf 79' lang='lat' dir='ltr'><strong>quse</strong></span> 
     </span>
     <span class='ocr_line' id='line_1_16' title="bbox 139 1809 1136 1865; baseline -0.004 -7"><span class='ocrx_word' id='word_1_111' title='bbox 139 1827 154 1858; x_wconf 89' lang='lat' dir='ltr'><strong>e</strong></span> <span class='ocrx_word' id='word_1_112' title='bbox 173 1812 243 1856; x_wconf 88' lang='lat' dir='ltr'><strong>tibris</strong></span> <span class='ocrx_word' id='word_1_113' title='bbox 260 1811 321 1858; x_wconf 84' lang='lat' dir='ltr'><strong>tdss.</strong></span> <span class='ocrx_word' id='word_1_114' title='bbox 339 1810 446 1864; x_wconf 74' lang='lat' dir='ltr'><strong>reparari</strong></span> <span class='ocrx_word' id='word_1_115' title='bbox 466 1809 599 1864; x_wconf 87' lang='lat' dir='ltr'><strong>potuissent</strong></span> <span class='ocrx_word' id='word_1_116' title='bbox 624 1813 665 1852; x_wconf 89' lang='lat' dir='ltr'><strong>sut</strong></span> <span class='ocrx_word' id='word_1_117' title='bbox 687 1809 808 1853; x_wconf 82' lang='lat' dir='ltr'><strong>bominum</strong></span> <span class='ocrx_word' id='word_1_118' title='bbox 830 1814 871 1854; x_wconf 86' lang='lat' dir='ltr'><strong>sut</strong></span> <span class='ocrx_word' id='word_1_119' title='bbox 896 1815 1029 1865; x_wconf 82' lang='lat' dir='ltr'><strong>temporum</strong></span> <span class='ocrx_word' id='word_1_120' title='bbox 1053 1811 1136 1858; x_wconf 84' lang='lat' dir='ltr'><strong>invidit</strong></span> 
     </span>
     <span class='ocr_line' id='line_1_17' title="bbox 139 1876 1135 1938; baseline -0.002 -12"><span class='ocrx_word' id='word_1_121' title='bbox 139 1879 254 1926; x_wconf 85' lang='lat' dir='ltr'><strong>iniurie.&#39;’</strong></span> <span class='ocrx_word' id='word_1_122' title='bbox 272 1882 318 1926; x_wconf 85' lang='lat' dir='ltr'><strong>Sed</strong></span> <span class='ocrx_word' id='word_1_123' title='bbox 330 1884 421 1923; x_wconf 83' lang='lat' dir='ltr'><strong>certum</strong></span> <span class='ocrx_word' id='word_1_124' title='bbox 431 1883 467 1922; x_wconf 89' lang='lat' dir='ltr'><strong>est</strong></span> <span class='ocrx_word' id='word_1_125' title='bbox 479 1891 508 1923; x_wconf 80' lang='lat' dir='ltr'><strong>er</strong></span> <span class='ocrx_word' id='word_1_126' title='bbox 518 1878 589 1931; x_wconf 74' lang='lat' dir='ltr'><strong>Adryi</strong></span> <span class='ocrx_word' id='word_1_127' title='bbox 602 1877 681 1924; x_wconf 85' lang='lat' dir='ltr'><strong>verbis</strong></span> <span class='ocrx_word' id='word_1_128' title='bbox 691 1880 751 1933; x_wconf 79' lang='lat' dir='ltr'><strong>apud</strong></span> <span class='ocrx_word' id='word_1_129' title='bbox 763 1879 894 1937; x_wconf 79' lang='lat' dir='ltr'><strong>Bsrgerum</strong></span> <span class='ocrx_word' id='word_1_130' title='bbox 907 1893 959 1938; x_wconf 73' lang='lat' dir='ltr'><strong>pag.</strong></span> <span class='ocrx_word' id='word_1_131' title='bbox 969 1876 1027 1924; x_wconf 67' lang='lat' dir='ltr'><strong>tt:</strong></span> <span class='ocrx_word' id='word_1_132' title='bbox 1047 1878 1135 1934; x_wconf 80' lang='lat' dir='ltr'><strong>„Nous</strong></span> 
     </span>
     <span class='ocr_line' id='line_1_18' title="bbox 138 1943 1133 2014; baseline -0.003 -19"><span class='ocrx_word' id='word_1_133' title='bbox 138 1951 283 1996; x_wconf 83' lang='lat' dir='ltr'><strong>donnerons</strong></span> <span class='ocrx_word' id='word_1_134' title='bbox 300 1954 380 1993; x_wconf 85' lang='lat' dir='ltr'><strong>toutes</strong></span> <span class='ocrx_word' id='word_1_135' title='bbox 403 1949 440 1991; x_wconf 81' lang='lat' dir='ltr'><strong>les</strong></span> <span class='ocrx_word' id='word_1_136' title='bbox 464 1948 589 1990; x_wconf 78' lang='lat' dir='ltr'><strong>uariantes</strong></span> <span class='ocrx_word' id='word_1_137' title='bbox 613 1947 657 1991; x_wconf 83' lang='lat' dir='ltr'><strong>des</strong></span> <span class='ocrx_word' id='word_1_138' title='bbox 681 1953 767 2007; x_wconf 81' lang='lat' dir='ltr'><strong>quatre</strong></span> <span class='ocrx_word' id='word_1_139' title='bbox 792 1949 945 1994; x_wconf 68' lang='lat' dir='ltr'><strong>manuscrits</strong></span> <span class='ocrx_word' id='word_1_140' title='bbox 969 1947 998 1993; x_wconf 84' lang='lat' dir='ltr'><strong>ds</strong></span> <span class='ocrx_word' id='word_1_141' title='bbox 1023 1943 1133 2014; x_wconf 41' lang='lat' dir='ltr'><strong>Phidreoj</strong></span> 
     </span>
     <span class='ocr_line' id='line_1_19' title="bbox 140 2013 1135 2076; baseline -0.003 -10"><span class='ocrx_word' id='word_1_142' title='bbox 140 2021 242 2066; x_wconf 85' lang='lat' dir='ltr'><strong>saooir:</strong></span> <span class='ocrx_word' id='word_1_143' title='bbox 257 2013 293 2062; x_wconf 88' lang='lat'><strong>1⁰.</strong></span> <span class='ocrx_word' id='word_1_144' title='bbox 307 2017 341 2062; x_wconf 82' lang='lat' dir='ltr'><strong>du</strong></span> <span class='ocrx_word' id='word_1_145' title='bbox 352 2017 492 2061; x_wconf 73' lang='lat' dir='ltr'><strong>manuscrit</strong></span> <span class='ocrx_word' id='word_1_146' title='bbox 503 2015 532 2059; x_wconf 85' lang='lat' dir='ltr'><strong>ds</strong></span> <span class='ocrx_word' id='word_1_147' title='bbox 543 2013 696 2073; x_wconf 73' lang='grc' dir='ltr'><strong>111.”Ρ1116ιι,</strong></span> <span class='ocrx_word' id='word_1_148' title='bbox 712 2018 754 2076; x_wconf 81' lang='lat' dir='ltr'><strong>qui</strong></span> <span class='ocrx_word' id='word_1_149' title='bbox 764 2023 803 2062; x_wconf 81' lang='lat' dir='ltr'><strong>est</strong></span> <span class='ocrx_word' id='word_1_150' title='bbox 813 2031 903 2062; x_wconf 84' lang='lat' dir='ltr'><strong>errrore</strong></span> <span class='ocrx_word' id='word_1_151' title='bbox 916 2024 986 2062; x_wconf 83' lang='lat' dir='ltr'><strong>entre</strong></span> <span class='ocrx_word' id='word_1_152' title='bbox 997 2019 1034 2063; x_wconf 85' lang='lat' dir='ltr'><strong>tes</strong></span> <span class='ocrx_word' id='word_1_153' title='bbox 1052 2021 1135 2064; x_wconf 87' lang='lat' dir='ltr'><strong>mains</strong></span> 
     </span>
     <span class='ocr_line' id='line_1_20' title="bbox 139 2084 1137 2146; baseline 0 -12"><span class='ocrx_word' id='word_1_154' title='bbox 139 2089 171 2134; x_wconf 81' lang='lat' dir='ltr'><strong>ds</strong></span> <span class='ocrx_word' id='word_1_155' title='bbox 189 2087 228 2138; x_wconf 84' lang='lat' dir='ltr'><strong>M.</strong></span> <span class='ocrx_word' id='word_1_156' title='bbox 248 2088 386 2146; x_wconf 75' lang='lat' dir='ltr'><strong>Lepslstisr</strong></span> <span class='ocrx_word' id='word_1_157' title='bbox 404 2084 573 2130; x_wconf 72' lang='lat' dir='ltr'><strong>dertosanus.</strong></span> <span class='ocrx_word' id='word_1_158' title='bbox 618 2085 687 2132; x_wconf 84' lang='lat' dir='ltr'><strong>Nous</strong></span> <span class='ocrx_word' id='word_1_159' title='bbox 714 2089 752 2132; x_wconf 86' lang='lat' dir='ltr'><strong>Ies</strong></span> <span class='ocrx_word' id='word_1_160' title='bbox 771 2089 880 2132; x_wconf 86' lang='lat' dir='ltr'><strong>tirsrorss</strong></span> <span class='ocrx_word' id='word_1_161' title='bbox 897 2103 929 2134; x_wconf 89' lang='lat' dir='ltr'><strong>ou</strong></span> <span class='ocrx_word' id='word_1_162' title='bbox 946 2087 980 2132; x_wconf 81' lang='lat' dir='ltr'><strong>du</strong></span> <span class='ocrx_word' id='word_1_163' title='bbox 997 2089 1137 2134; x_wconf 80' lang='lat' dir='ltr'><strong>manuscrit</strong></span> 
     </span>
     <span class='ocr_line' id='line_1_21' title="bbox 140 2155 1135 2217; baseline 0.001 -14"><span class='ocrx_word' id='word_1_164' title='bbox 140 2159 239 2212; x_wconf 65' lang='lat' dir='ltr'><strong>mlius,</strong></span> <span class='ocrx_word' id='word_1_165' title='bbox 268 2172 300 2202; x_wconf 90' lang='lat' dir='ltr'><strong>ou</strong></span> <span class='ocrx_word' id='word_1_166' title='bbox 317 2156 361 2201; x_wconf 84' lang='lat' dir='ltr'><strong>des</strong></span> <span class='ocrx_word' id='word_1_167' title='bbox 379 2162 447 2200; x_wconf 83' lang='lat' dir='ltr'><strong>uotss</strong></span> <span class='ocrx_word' id='word_1_168' title='bbox 465 2157 631 2200; x_wconf 84' lang='lat' dir='ltr'><strong>snunussrites</strong></span> <span class='ocrx_word' id='word_1_169' title='bbox 650 2155 679 2200; x_wconf 85' lang='lat' dir='ltr'><strong>ds</strong></span> <span class='ocrx_word' id='word_1_170' title='bbox 697 2155 734 2202; x_wconf 85' lang='lat' dir='ltr'><strong>M.</strong></span> <span class='ocrx_word' id='word_1_171' title='bbox 753 2155 869 2217; x_wconf 59' lang='lat' dir='ltr'><strong>diffluit,</strong></span> <span class='ocrx_word' id='word_1_172' title='bbox 895 2158 984 2202; x_wconf 81' lang='lat' dir='ltr'><strong>s&#39;rritss</strong></span> <span class='ocrx_word' id='word_1_173' title='bbox 1003 2173 1033 2202; x_wconf 86' lang='lat' dir='ltr'><strong>ers</strong></span> <span class='ocrx_word' id='word_1_174' title='bbox 1053 2157 1135 2213; x_wconf 78' lang='lat'>1599,</span> 
     </span>
     <span class='ocr_line' id='line_1_22' title="bbox 141 2223 1136 2286; baseline 0 -14"><span class='ocrx_word' id='word_1_175' title='bbox 141 2234 166 2272; x_wconf 81' lang='lat' dir='ltr'><strong>st</strong></span> <span class='ocrx_word' id='word_1_176' title='bbox 183 2243 229 2286; x_wconf 85' lang='lat' dir='ltr'><strong>que</strong></span> <span class='ocrx_word' id='word_1_177' title='bbox 247 2240 309 2272; x_wconf 84' lang='lat' dir='ltr'><strong>nous</strong></span> <span class='ocrx_word' id='word_1_178' title='bbox 327 2239 403 2270; x_wconf 78' lang='lat' dir='ltr'><strong>avons</strong></span> <span class='ocrx_word' id='word_1_179' title='bbox 420 2236 480 2270; x_wconf 86' lang='lat' dir='ltr'><strong>sous</strong></span> <span class='ocrx_word' id='word_1_180' title='bbox 491 2226 529 2269; x_wconf 83' lang='lat' dir='ltr'><strong>tes</strong></span> <span class='ocrx_word' id='word_1_181' title='bbox 540 2223 649 2284; x_wconf 72' lang='lat' dir='ltr'><strong>ysrsx;&#39;’</strong></span> <span class='ocrx_word' id='word_1_182' title='bbox 667 2232 713 2270; x_wconf 87' lang='lat' dir='ltr'><strong>ret.</strong></span> <span class='ocrx_word' id='word_1_183' title='bbox 749 2225 841 2282; x_wconf 81' lang='lat' dir='ltr'><strong>Reepse</strong></span> <span class='ocrx_word' id='word_1_184' title='bbox 859 2228 975 2286; x_wconf 80' lang='lat' dir='ltr'><strong>Rigaltius</strong></span> <span class='ocrx_word' id='word_1_185' title='bbox 987 2229 1010 2271; x_wconf 86' lang='lat' dir='ltr'><strong>in</strong></span> <span class='ocrx_word' id='word_1_186' title='bbox 1030 2229 1136 2286; x_wconf 76' lang='lat' dir='ltr'><strong>margine</strong></span> 
     </span>
     <span class='ocr_line' id='line_1_23' title="bbox 140 2295 1136 2352; baseline -0.001 -9"><span class='ocrx_word' id='word_1_187' title='bbox 140 2299 188 2344; x_wconf 80' lang='lat' dir='ltr'><strong>Ed.</strong></span> <span class='ocrx_word' id='word_1_188' title='bbox 209 2311 264 2343; x_wconf 84' lang='lat' dir='ltr'><strong>suse</strong></span> <span class='ocrx_word' id='word_1_189' title='bbox 283 2297 373 2352; x_wconf 80' lang='lat' dir='ltr'><strong>primes</strong></span> <span class='ocrx_word' id='word_1_190' title='bbox 393 2296 489 2352; x_wconf 86' lang='lat' dir='ltr'><strong>eiusque</strong></span> <span class='ocrx_word' id='word_1_191' title='bbox 507 2295 656 2350; x_wconf 72' lang='lat' dir='ltr'><strong>repetitionis</strong></span> <span class='ocrx_word' id='word_1_192' title='bbox 675 2297 830 2341; x_wconf 84' lang='lat' dir='ltr'><strong>tienosieusis</strong></span> <span class='ocrx_word' id='word_1_193' title='bbox 862 2295 936 2343; x_wconf 79' lang='grc'><strong>1603.</strong></span> <span class='ocrx_word' id='word_1_194' title='bbox 965 2297 1026 2342; x_wconf 87' lang='lat' dir='ltr'><strong>bsud</strong></span> <span class='ocrx_word' id='word_1_195' title='bbox 1051 2309 1136 2352; x_wconf 86' lang='lat' dir='ltr'><strong>psurss</strong></span> 
     </span>
     <span class='ocr_line' id='line_1_24' title="bbox 140 2364 1137 2422; baseline -0.001 -10"><span class='ocrx_word' id='word_1_196' title='bbox 140 2369 270 2413; x_wconf 83' lang='lat' dir='ltr'><strong>rsrietetes</strong></span> <span class='ocrx_word' id='word_1_197' title='bbox 288 2365 348 2410; x_wconf 85' lang='lat' dir='ltr'><strong>Cod.</strong></span> <span class='ocrx_word' id='word_1_198' title='bbox 367 2365 432 2412; x_wconf 85' lang='lat' dir='ltr'><strong>Pith.</strong></span> <span class='ocrx_word' id='word_1_199' title='bbox 458 2364 541 2419; x_wconf 80' lang='lat' dir='ltr'><strong>effert,</strong></span> <span class='ocrx_word' id='word_1_200' title='bbox 567 2377 625 2422; x_wconf 83' lang='lat' dir='ltr'><strong>ques</strong></span> <span class='ocrx_word' id='word_1_201' title='bbox 649 2378 677 2410; x_wconf 82' lang='lat' dir='ltr'><strong>ex</strong></span> <span class='ocrx_word' id='word_1_202' title='bbox 701 2366 836 2422; x_wconf 77' lang='lat' dir='ltr'><strong>Appendiee</strong></span> <span class='ocrx_word' id='word_1_203' title='bbox 857 2367 988 2412; x_wconf 84' lang='lat' dir='ltr'><strong>Pitboesne</strong></span> <span class='ocrx_word' id='word_1_204' title='bbox 1012 2368 1137 2411; x_wconf 76' lang='lat' dir='ltr'><strong>desumere</strong></span> 
     </span>
     <span class='ocr_line' id='line_1_25' title="bbox 141 2433 1122 2494; baseline -0.002 -13"><span class='ocrx_word' id='word_1_205' title='bbox 141 2452 190 2482; x_wconf 87' lang='lat' dir='ltr'><strong>non</strong></span> <span class='ocrx_word' id='word_1_206' title='bbox 209 2438 293 2492; x_wconf 88' lang='lat' dir='ltr'><strong>potuit.</strong></span> <span class='ocrx_word' id='word_1_207' title='bbox 329 2433 381 2478; x_wconf 86' lang='lat' dir='ltr'><strong>Non</strong></span> <span class='ocrx_word' id='word_1_208' title='bbox 401 2434 452 2478; x_wconf 88' lang='lat' dir='ltr'><strong>siue</strong></span> <span class='ocrx_word' id='word_1_209' title='bbox 471 2435 593 2479; x_wconf 88' lang='lat' dir='ltr'><strong>erroribus</strong></span> <span class='ocrx_word' id='word_1_210' title='bbox 612 2435 694 2478; x_wconf 88' lang='lat' dir='ltr'><strong>deinde</strong></span> <span class='ocrx_word' id='word_1_211' title='bbox 712 2435 769 2480; x_wconf 72' lang='lat' dir='ltr'><strong>beer</strong></span> <span class='ocrx_word' id='word_1_212' title='bbox 787 2435 839 2492; x_wconf 79' lang='lat' dir='ltr'><strong>ipss</strong></span> <span class='ocrx_word' id='word_1_213' title='bbox 856 2437 973 2492; x_wconf 81' lang='lat' dir='ltr'><strong>Excerpts</strong></span> <span class='ocrx_word' id='word_1_214' title='bbox 990 2436 1122 2494; x_wconf 80' lang='lat' dir='ltr'><strong>Rigaltisne</strong></span> 
     </span>
     <span class='ocr_line' id='line_1_26' title="bbox 141 2501 1137 2565; baseline -0.001 -15"><span class='ocrx_word' id='word_1_215' title='bbox 141 2520 203 2565; x_wconf 82' lang='lat' dir='ltr'><strong>quse</strong></span> <span class='ocrx_word' id='word_1_216' title='bbox 221 2509 310 2550; x_wconf 80' lang='lat' dir='ltr'><strong>nattum</strong></span> <span class='ocrx_word' id='word_1_217' title='bbox 328 2505 423 2548; x_wconf 87' lang='lat' dir='ltr'><strong>omnino</strong></span> <span class='ocrx_word' id='word_1_218' title='bbox 442 2501 510 2547; x_wconf 81' lang='lat' dir='ltr'><strong>fidem</strong></span> <span class='ocrx_word' id='word_1_219' title='bbox 528 2509 663 2559; x_wconf 87' lang='lat' dir='ltr'><strong>merentur,</strong></span> <span class='ocrx_word' id='word_1_220' title='bbox 684 2505 759 2548; x_wconf 83' lang='lat' dir='ltr'><strong>sicubi</strong></span> <span class='ocrx_word' id='word_1_221' title='bbox 780 2506 867 2550; x_wconf 78' lang='lat' dir='ltr'><strong>abeunt</strong></span> <span class='ocrx_word' id='word_1_222' title='bbox 883 2507 912 2550; x_wconf 84' lang='lat' dir='ltr'><strong>eb</strong></span> <span class='ocrx_word' id='word_1_223' title='bbox 934 2507 1052 2561; x_wconf 78' lang='lat' dir='ltr'><strong>expressis</strong></span> <span class='ocrx_word' id='word_1_224' title='bbox 1071 2507 1137 2551; x_wconf 81' lang='lat' dir='ltr'><strong>testi·</strong></span> 
     </span>
     <span class='ocr_line' id='line_1_27' title="bbox 141 2573 1137 2634; baseline -0.002 -14"><span class='ocrx_word' id='word_1_225' title='bbox 141 2577 229 2621; x_wconf 83' lang='lat' dir='ltr'><strong>moniis</strong></span> <span class='ocrx_word' id='word_1_226' title='bbox 247 2574 374 2633; x_wconf 76' lang='lat' dir='ltr'><strong>Bongsrsit</strong></span> <span class='ocrx_word' id='word_1_227' title='bbox 392 2578 416 2618; x_wconf 90' lang='lat' dir='ltr'><strong>et</strong></span> <span class='ocrx_word' id='word_1_228' title='bbox 431 2573 546 2632; x_wconf 73' lang='lat' dir='ltr'><strong>Bergeri,</strong></span> <span class='ocrx_word' id='word_1_229' title='bbox 566 2575 667 2628; x_wconf 76' lang='lat' dir='ltr'><strong>repetitu</strong></span> <span class='ocrx_word' id='word_1_230' title='bbox 685 2579 738 2618; x_wconf 87' lang='lat' dir='ltr'><strong>sunt</strong></span> <span class='ocrx_word' id='word_1_231' title='bbox 755 2589 770 2619; x_wconf 84' lang='lat' dir='ltr'><strong>e</strong></span> <span class='ocrx_word' id='word_1_232' title='bbox 787 2574 900 2620; x_wconf 87' lang='lat' dir='ltr'><strong>Neveteto</strong></span> <span class='ocrx_word' id='word_1_233' title='bbox 920 2573 999 2629; x_wconf 82' lang='grc'><strong>1610,</strong></span> <span class='ocrx_word' id='word_1_234' title='bbox 1024 2577 1064 2634; x_wconf 85' lang='lat' dir='ltr'><strong>qui</strong></span> <span class='ocrx_word' id='word_1_235' title='bbox 1084 2578 1137 2631; x_wconf 88' lang='lat' dir='ltr'><strong>ipso</strong></span> 
     </span>
     <span class='ocr_line' id='line_1_28' title="bbox 142 2644 1136 2704; baseline 0 -14"><span class='ocrx_word' id='word_1_236' title='bbox 142 2647 224 2691; x_wconf 81' lang='lat' dir='ltr'><strong>codiee</strong></span> <span class='ocrx_word' id='word_1_237' title='bbox 242 2645 354 2698; x_wconf 65' lang='lat' dir='ltr'><strong>puroet,</strong></span> <span class='ocrx_word' id='word_1_238' title='bbox 384 2644 490 2698; x_wconf 78' lang='lat' dir='ltr'><strong>avuncuii</strong></span> <span class='ocrx_word' id='word_1_239' title='bbox 509 2644 560 2695; x_wconf 90' lang='lat' dir='ltr'><strong>sui,</strong></span> <span class='ocrx_word' id='word_1_240' title='bbox 589 2657 645 2688; x_wconf 87' lang='lat' dir='ltr'><strong>usus</strong></span> <span class='ocrx_word' id='word_1_241' title='bbox 663 2658 709 2688; x_wconf 91' lang='lat' dir='ltr'><strong>uon</strong></span> <span class='ocrx_word' id='word_1_242' title='bbox 728 2648 779 2690; x_wconf 87' lang='lat' dir='ltr'><strong>est:</strong></span> <span class='ocrx_word' id='word_1_243' title='bbox 804 2644 934 2690; x_wconf 78' lang='lat' dir='ltr'><strong>falsissime</strong></span> <span class='ocrx_word' id='word_1_244' title='bbox 951 2646 1014 2690; x_wconf 78' lang='lat' dir='ltr'><strong>enirn</strong></span> <span class='ocrx_word' id='word_1_245' title='bbox 1032 2657 1136 2704; x_wconf 71' lang='lat' dir='ltr'><strong>quaeque</strong></span> 
     </span>
     <span class='ocr_line' id='line_1_29' title="bbox 142 2709 1136 2771; baseline -0.004 -11"><span class='ocrx_word' id='word_1_246' title='bbox 142 2717 221 2760; x_wconf 87' lang='lat' dir='ltr'><strong>eidem</strong></span> <span class='ocrx_word' id='word_1_247' title='bbox 239 2715 335 2760; x_wconf 79' lang='lat' dir='ltr'><strong>tribuit:</strong></span> <span class='ocrx_word' id='word_1_248' title='bbox 357 2713 429 2757; x_wconf 78' lang='lat' dir='ltr'><strong>vetuti</strong></span> <span class='ocrx_word' id='word_1_249' title='bbox 449 2725 502 2770; x_wconf 73' lang='lat' dir='ltr'><strong>pag.</strong></span> <span class='ocrx_word' id='word_1_250' title='bbox 523 2709 581 2756; x_wconf 72' lang='grc'><strong>613.</strong></span> <span class='ocrx_word' id='word_1_251' title='bbox 618 2713 785 2767; x_wconf 81' lang='lat' dir='ltr'><strong>„Pithoeenus</strong></span> <span class='ocrx_word' id='word_1_252' title='bbox 803 2714 884 2758; x_wconf 84' lang='lat' dir='ltr'><strong>Codex</strong></span> <span class='ocrx_word' id='word_1_253' title='bbox 902 2715 983 2758; x_wconf 79' lang='lat' dir='ltr'><strong>babuit</strong></span> <span class='ocrx_word' id='word_1_254' title='bbox 999 2716 1024 2759; x_wconf 86' lang='lat' dir='ltr'><strong>oi</strong></span> <span class='ocrx_word' id='word_1_255' title='bbox 1041 2729 1136 2771; x_wconf 88' lang='lat' dir='ltr'><strong>compe-</strong></span> 
     </span>
     <span class='ocr_line' id='line_1_30' title="bbox 141 2779 1137 2842; baseline -0.002 -14"><span class='ocrx_word' id='word_1_256' title='bbox 141 2785 260 2829; x_wconf 84' lang='lat' dir='ltr'><strong>seerst&#39;’.·</strong></span> <span class='ocrx_word' id='word_1_257' title='bbox 285 2797 357 2842; x_wconf 85' lang='lat' dir='ltr'><strong>quum</strong></span> <span class='ocrx_word' id='word_1_258' title='bbox 380 2787 462 2826; x_wconf 81' lang='lat' dir='ltr'><strong>contre</strong></span> <span class='ocrx_word' id='word_1_259' title='bbox 491 2781 576 2826; x_wconf 82' lang='lat' dir='ltr'><strong>bsbeut</strong></span> <span class='ocrx_word' id='word_1_260' title='bbox 598 2787 624 2825; x_wconf 90' lang='lat' dir='ltr'><strong>ut</strong></span> <span class='ocrx_word' id='word_1_261' title='bbox 649 2796 672 2826; x_wconf 86' lang='lat' dir='ltr'><strong>r.</strong></span> <span class='ocrx_word' id='word_1_262' title='bbox 697 2805 730 2816; x_wconf 86' lang='lat'><strong>-·-</strong></span> <span class='ocrx_word' id='word_1_263' title='bbox 753 2796 807 2841; x_wconf 79' lang='lat' dir='ltr'><strong>psg.</strong></span> <span class='ocrx_word' id='word_1_264' title='bbox 829 2781 887 2828; x_wconf 76' lang='grc'><strong>647.</strong></span> <span class='ocrx_word' id='word_1_265' title='bbox 915 2783 1043 2836; x_wconf 82' lang='lat' dir='ltr'><strong>„demisso</strong></span> <span class='ocrx_word' id='word_1_266' title='bbox 1062 2779 1137 2841; x_wconf 88' lang='lat' dir='ltr'><strong>pene]</strong></span> 
     </span>
     <span class='ocr_line' id='line_1_31' title="bbox 142 2849 1137 2911; baseline -0.002 -12"><span class='ocrx_word' id='word_1_267' title='bbox 142 2856 184 2898; x_wconf 83' lang='lat' dir='ltr'><strong>Sis</strong></span> <span class='ocrx_word' id='word_1_268' title='bbox 202 2855 333 2899; x_wconf 75' lang='lat' dir='ltr'><strong>emendavit</strong></span> <span class='ocrx_word' id='word_1_269' title='bbox 351 2865 380 2896; x_wconf 81' lang='lat' dir='ltr'><strong>ex</strong></span> <span class='ocrx_word' id='word_1_270' title='bbox 396 2857 489 2896; x_wconf 80' lang='lat' dir='ltr'><strong>vetusto</strong></span> <span class='ocrx_word' id='word_1_271' title='bbox 506 2851 586 2894; x_wconf 81' lang='lat' dir='ltr'><strong>audire</strong></span> <span class='ocrx_word' id='word_1_272' title='bbox 604 2849 735 2910; x_wconf 69' lang='lat' dir='ltr'><strong>bigamus,</strong></span> <span class='ocrx_word' id='word_1_273' title='bbox 767 2865 839 2909; x_wconf 83' lang='lat' dir='ltr'><strong>quum</strong></span> <span class='ocrx_word' id='word_1_274' title='bbox 856 2854 880 2896; x_wconf 90' lang='lat' dir='ltr'><strong>in</strong></span> <span class='ocrx_word' id='word_1_275' title='bbox 897 2853 1028 2897; x_wconf 80' lang='lat' dir='ltr'><strong>Pithoesno</strong></span> <span class='ocrx_word' id='word_1_276' title='bbox 1047 2855 1137 2911; x_wconf 66' lang='lat' dir='ltr'><strong>tegere-</strong></span> 
     </span>
     <span class='ocr_line' id='line_1_32' title="bbox 142 2915 1136 2980; baseline 0 -12"><span class='ocrx_word' id='word_1_277' title='bbox 142 2930 182 2968; x_wconf 85' lang='lat' dir='ltr'><strong>tur</strong></span> <span class='ocrx_word' id='word_1_278' title='bbox 200 2922 314 2968; x_wconf 83' lang='lat' dir='ltr'><strong>dimissis</strong></span> <span class='ocrx_word' id='word_1_279' title='bbox 332 2921 385 2978; x_wconf 83' lang='lat' dir='ltr'><strong>(sic)</strong></span> <span class='ocrx_word' id='word_1_280' title='bbox 401 2919 532 2980; x_wconf 83' lang='lat' dir='ltr'><strong>pedibus.’&#39;</strong></span> <span class='ocrx_word' id='word_1_281' title='bbox 568 2915 642 2966; x_wconf 82' lang='lat' dir='ltr'><strong>imino</strong></span> <span class='ocrx_word' id='word_1_282' title='bbox 665 2920 784 2966; x_wconf 81' lang='lat' dir='ltr'><strong>demissis</strong></span> <span class='ocrx_word' id='word_1_283' title='bbox 802 2921 856 2976; x_wconf 77' lang='lat' dir='ltr'><strong>(sic)</strong></span> <span class='ocrx_word' id='word_1_284' title='bbox 870 2921 976 2979; x_wconf 84' lang='lat' dir='ltr'><strong>pedibus</strong></span> <span class='ocrx_word' id='word_1_285' title='bbox 994 2923 1056 2967; x_wconf 79' lang='lat' dir='ltr'><strong>mula</strong></span> <span class='ocrx_word' id='word_1_286' title='bbox 1073 2923 1136 2968; x_wconf 86' lang='lat' dir='ltr'><strong>coui.</strong></span> 
     </span>
     <span class='ocr_line' id='line_1_33' title="bbox 142 2990 1183 3055; baseline -0.003 -18"><span class='ocrx_word' id='word_1_287' title='bbox 142 2993 209 3038; x_wconf 87' lang='lat' dir='ltr'><strong>dedit</strong></span> <span class='ocrx_word' id='word_1_288' title='bbox 225 2992 356 3046; x_wconf 85' lang='lat' dir='ltr'><strong>Pithoeus,</strong></span> <span class='ocrx_word' id='word_1_289' title='bbox 388 3005 459 3048; x_wconf 86' lang='lat' dir='ltr'><strong>quum</strong></span> <span class='ocrx_word' id='word_1_290' title='bbox 482 2991 556 3045; x_wconf 88' lang='lat' dir='ltr'><strong>ipsius</strong></span> <span class='ocrx_word' id='word_1_291' title='bbox 583 2991 658 3036; x_wconf 77' lang='lat' dir='ltr'><strong>codex</strong></span> <span class='ocrx_word' id='word_1_292' title='bbox 676 2991 791 3036; x_wconf 84' lang='lat' dir='ltr'><strong>heberet:</strong></span> <span class='ocrx_word' id='word_1_293' title='bbox 811 2991 914 3035; x_wconf 81' lang='lat' dir='ltr'><strong>dimisso</strong></span> <span class='ocrx_word' id='word_1_294' title='bbox 938 2990 993 3049; x_wconf 88' lang='lat' dir='ltr'><strong>(sic)</strong></span> <span class='ocrx_word' id='word_1_295' title='bbox 1007 3006 1071 3050; x_wconf 84' lang='lat' dir='ltr'><strong>pene</strong></span> <span class='ocrx_word' id='word_1_296' title='bbox 1090 2997 1136 3036; x_wconf 73' lang='lat' dir='ltr'><strong>est,</strong></span> <span class='ocrx_word' id='word_1_297' title='bbox 1181 3045 1183 3055; x_wconf 22' lang='grc' dir='ltr'>Α</span> 
     </span>
     <span class='ocr_line' id='line_1_34' title="bbox 142 3049 1138 3119; baseline -0.003 -12"><span class='ocrx_word' id='word_1_298' title='bbox 142 3062 249 3107; x_wconf 82' lang='lat' dir='ltr'><strong>Errores</strong></span> <span class='ocrx_word' id='word_1_299' title='bbox 278 3065 356 3105; x_wconf 81' lang='lat' dir='ltr'><strong>sutem</strong></span> <span class='ocrx_word' id='word_1_300' title='bbox 383 3060 490 3106; x_wconf 84' lang='lat' dir='ltr'><strong>Neveieti</strong></span> <span class='ocrx_word' id='word_1_301' title='bbox 515 3049 561 3102; x_wconf 85' lang='lat' dir='ltr'><strong>nori</strong></span> <span class='ocrx_word' id='word_1_302' title='bbox 586 3061 659 3104; x_wconf 87' lang='lat' dir='ltr'><strong>semel</strong></span> <span class='ocrx_word' id='word_1_303' title='bbox 681 3061 815 3116; x_wconf 85' lang='lat' dir='ltr'><strong>imposuere</strong></span> <span class='ocrx_word' id='word_1_304' title='bbox 834 3061 944 3115; x_wconf 78' lang='lat' dir='ltr'><strong>criticis,</strong></span> <span class='ocrx_word' id='word_1_305' title='bbox 976 3063 1047 3106; x_wconf 79' lang='lat' dir='ltr'><strong>vetuti</strong></span> <span class='ocrx_word' id='word_1_306' title='bbox 1067 3075 1138 3119; x_wconf 86' lang='lat' dir='ltr'><strong>quum</strong></span> 
     </span>
     <span class='ocr_line' id='line_1_35' title="bbox 142 3127 1138 3192; baseline -0.002 -16"><span class='ocrx_word' id='word_1_307' title='bbox 142 3133 200 3176; x_wconf 86' lang='lat' dir='ltr'><strong>Lib.</strong></span> <span class='ocrx_word' id='word_1_308' title='bbox 220 3129 253 3185; x_wconf 78' lang='grc'><strong>1,</strong></span> <span class='ocrx_word' id='word_1_309' title='bbox 274 3128 315 3178; x_wconf 84' lang='grc'><strong>27.</strong></span> <span class='ocrx_word' id='word_1_310' title='bbox 336 3131 430 3186; x_wconf 74' lang='lat' dir='ltr'><strong>(norun</strong></span> <span class='ocrx_word' id='word_1_311' title='bbox 448 3143 477 3174; x_wconf 82' lang='lat' dir='ltr'><strong>ex</strong></span> <span class='ocrx_word' id='word_1_312' title='bbox 495 3127 589 3186; x_wconf 89' lang='lat' dir='ltr'><strong>ordine)</strong></span> <span class='ocrx_word' id='word_1_313' title='bbox 608 3143 631 3175; x_wconf 85' lang='lat' dir='ltr'><strong>r.</strong></span> <span class='ocrx_word' id='word_1_314' title='bbox 653 3127 693 3174; x_wconf 76' lang='grc'><strong>12.</strong></span> <span class='ocrx_word' id='word_1_315' title='bbox 714 3131 771 3175; x_wconf 87' lang='lat' dir='ltr'><strong>dicit</strong></span> <span class='ocrx_word' id='word_1_316' title='bbox 788 3132 848 3176; x_wconf 87' lang='lat' dir='ltr'><strong>Cod.</strong></span> <span class='ocrx_word' id='word_1_317' title='bbox 875 3131 962 3176; x_wconf 82' lang='lat' dir='ltr'><strong>babere</strong></span> <span class='ocrx_word' id='word_1_318' title='bbox 981 3130 1061 3192; x_wconf 78' lang='lat' dir='ltr'><strong>(iussi</strong></span> <span class='ocrx_word' id='word_1_319' title='bbox 1076 3145 1138 3188; x_wconf 85' lang='lat' dir='ltr'><strong>pau·</strong></span> 
     </span>
     <span class='ocr_line' id='line_1_36' title="bbox 143 3199 1138 3258; baseline -0.001 -13"><span class='ocrx_word' id='word_1_320' title='bbox 143 3215 189 3245; x_wconf 84' lang='lat' dir='ltr'><strong>sas</strong></span> <span class='ocrx_word' id='word_1_321' title='bbox 202 3201 251 3244; x_wconf 86' lang='lat' dir='ltr'><strong>tate</strong></span> <span class='ocrx_word' id='word_1_322' title='bbox 263 3199 384 3254; x_wconf 76' lang='lat' dir='ltr'><strong>ostendit,</strong></span> <span class='ocrx_word' id='word_1_323' title='bbox 403 3201 472 3257; x_wconf 88' lang='lat' dir='ltr'><strong>idque</strong></span> <span class='ocrx_word' id='word_1_324' title='bbox 491 3199 513 3244; x_wconf 91' lang='lat' dir='ltr'><strong>ei</strong></span> <span class='ocrx_word' id='word_1_325' title='bbox 531 3199 630 3243; x_wconf 83' lang='lat' dir='ltr'><strong>eredidit</strong></span> <span class='ocrx_word' id='word_1_326' title='bbox 646 3201 782 3258; x_wconf 76' lang='lat' dir='ltr'><strong>Bentleiue;</strong></span> <span class='ocrx_word' id='word_1_327' title='bbox 803 3203 844 3246; x_wconf 89' lang='lat' dir='ltr'><strong>sed</strong></span> <span class='ocrx_word' id='word_1_328' title='bbox 856 3203 905 3245; x_wconf 83' lang='lat' dir='ltr'><strong>tals</strong></span> <span class='ocrx_word' id='word_1_329' title='bbox 923 3216 989 3246; x_wconf 81' lang='lat' dir='ltr'><strong>ruere</strong></span> <span class='ocrx_word' id='word_1_330' title='bbox 1008 3203 1138 3246; x_wconf 79' lang='lat' dir='ltr'><strong>astureuds</strong></span> 
     </span>
     <span class='ocr_line' id='line_1_37' title="bbox 147 3268 890 3329; baseline 0.004 -16"><span class='ocrx_word' id='word_1_331' title='bbox 147 3271 333 3329; x_wconf 74' lang='lat' dir='ltr'><strong>typographiae,</strong></span> <span class='ocrx_word' id='word_1_332' title='bbox 354 3283 425 3326; x_wconf 83' lang='lat' dir='ltr'><strong>quum</strong></span> <span class='ocrx_word' id='word_1_333' title='bbox 443 3282 527 3328; x_wconf 79' lang='lat' dir='ltr'><strong>mergo</strong></span> <span class='ocrx_word' id='word_1_334' title='bbox 545 3268 632 3327; x_wconf 71' lang='lat' dir='ltr'><strong>Rigalt.</strong></span> <span class='ocrx_word' id='word_1_335' title='bbox 653 3275 717 3314; x_wconf 86' lang='lat' dir='ltr'><strong>recte</strong></span> <span class='ocrx_word' id='word_1_336' title='bbox 736 3270 821 3315; x_wconf 77' lang='lat' dir='ltr'><strong>hebeat</strong></span> <span class='ocrx_word' id='word_1_337' title='bbox 838 3271 890 3316; x_wconf 80' lang='lat' dir='ltr'><strong>itte.</strong></span> 
     </span>
    </p>
   </div>
   <div class='ocr_carea' id='block_1_4' title="bbox 141 3369 1184 4062">
    <p class='ocr_par' dir='ltr' id='par_1_5' title="bbox 141 3369 1184 4062">
     <span class='ocr_line' id='line_1_38' title="bbox 195 3369 1138 3437; baseline 0 -17"><span class='ocrx_word' id='word_1_338' title='bbox 195 3373 233 3432; x_wconf 58' lang='lat'><strong>¹³²¹¹)</strong></span> <span class='ocrx_word' id='word_1_339' title='bbox 252 3375 310 3430; x_wconf 84' lang='lat' dir='ltr'><strong>„Urs</strong></span> <span class='ocrx_word' id='word_1_340' title='bbox 327 3374 371 3420; x_wconf 80' lang='lat' dir='ltr'><strong>des</strong></span> <span class='ocrx_word' id='word_1_341' title='bbox 391 3375 559 3433; x_wconf 81' lang='lat' dir='ltr'><strong>sxemplaires</strong></span> <span class='ocrx_word' id='word_1_342' title='bbox 577 3375 607 3419; x_wconf 81' lang='lat' dir='ltr'><strong>de</strong></span> <span class='ocrx_word' id='word_1_343' title='bbox 625 3373 736 3420; x_wconf 71' lang='lat' dir='ltr'><strong>l’ddttton</strong></span> <span class='ocrx_word' id='word_1_344' title='bbox 753 3375 782 3421; x_wconf 81' lang='lat' dir='ltr'><strong>ds</strong></span> <span class='ocrx_word' id='word_1_345' title='bbox 804 3375 909 3433; x_wconf 79' lang='lat' dir='ltr'><strong>Pithon,</strong></span> <span class='ocrx_word' id='word_1_346' title='bbox 929 3369 974 3437; x_wconf 82' lang='lat' dir='ltr'><strong>qise</strong></span> <span class='ocrx_word' id='word_1_347' title='bbox 991 3372 1097 3436; x_wconf 73' lang='lat' dir='ltr'><strong>posside</strong></span> <span class='ocrx_word' id='word_1_348' title='bbox 1112 3378 1138 3421; x_wconf 82' lang='lat' dir='ltr'><strong>Ia</strong></span> 
     </span>
     <span class='ocr_line' id='line_1_39' title="bbox 142 3441 1140 3507; baseline 0.001 -16"><span class='ocrx_word' id='word_1_349' title='bbox 142 3441 313 3505; x_wconf 76' lang='lat' dir='ltr'><strong>Bibliotirique</strong></span> <span class='ocrx_word' id='word_1_350' title='bbox 340 3443 374 3489; x_wconf 85' lang='lat' dir='ltr'><strong>du</strong></span> <span class='ocrx_word' id='word_1_351' title='bbox 399 3443 463 3497; x_wconf 83' lang='lat' dir='ltr'><strong>iioi,</strong></span> <span class='ocrx_word' id='word_1_352' title='bbox 494 3450 533 3489; x_wconf 85' lang='lat' dir='ltr'><strong>est</strong></span> <span class='ocrx_word' id='word_1_353' title='bbox 555 3444 660 3505; x_wconf 74' lang='lat' dir='ltr'><strong>siguald</strong></span> <span class='ocrx_word' id='word_1_354' title='bbox 672 3459 718 3490; x_wconf 83' lang='lat' dir='ltr'><strong>sur</strong></span> <span class='ocrx_word' id='word_1_355' title='bbox 746 3448 769 3490; x_wconf 83' lang='lat' dir='ltr'><strong>Is</strong></span> <span class='ocrx_word' id='word_1_356' title='bbox 792 3449 923 3507; x_wconf 79' lang='lat' dir='ltr'><strong>catalogue</strong></span> <span class='ocrx_word' id='word_1_357' title='bbox 942 3461 993 3505; x_wconf 82' lang='lat' dir='ltr'><strong>par·</strong></span> <span class='ocrx_word' id='word_1_358' title='bbox 1016 3449 1054 3492; x_wconf 89' lang='lat' dir='ltr'><strong>les</strong></span> <span class='ocrx_word' id='word_1_359' title='bbox 1076 3453 1140 3492; x_wconf 85' lang='lat' dir='ltr'><strong>mats</strong></span> 
     </span>
     <span class='ocr_line' id='line_1_40' title="bbox 144 3511 1138 3576; baseline 0 -16"><span class='ocrx_word' id='word_1_360' title='bbox 144 3517 266 3572; x_wconf 77' lang='lat' dir='ltr'><strong>exemptus</strong></span> <span class='ocrx_word' id='word_1_361' title='bbox 283 3529 355 3559; x_wconf 76' lang='lat' dir='ltr'><strong>mauu</strong></span> <span class='ocrx_word' id='word_1_362' title='bbox 378 3520 493 3558; x_wconf 76' lang='lat' dir='ltr'><strong>notatum.</strong></span> <span class='ocrx_word' id='word_1_363' title='bbox 520 3511 558 3561; x_wconf 84' lang='lat' dir='ltr'><strong>M.</strong></span> <span class='ocrx_word' id='word_1_364' title='bbox 596 3512 737 3559; x_wconf 80' lang='lat' dir='ltr'><strong>Van-Praei</strong></span> <span class='ocrx_word' id='word_1_365' title='bbox 762 3529 800 3560; x_wconf 88' lang='lat' dir='ltr'><strong>ms</strong></span> <span class='ocrx_word' id='word_1_366' title='bbox 822 3518 855 3561; x_wconf 72' lang='lat' dir='ltr'><strong>Fa</strong></span> <span class='ocrx_word' id='word_1_367' title='bbox 877 3516 1056 3576; x_wconf 68' lang='lat' dir='ltr'><strong>oomrnaniqusl.</strong></span> <span class='ocrx_word' id='word_1_368' title='bbox 1093 3513 1138 3560; x_wconf 75' lang='lat' dir='ltr'><strong>Ges</strong></span> 
     </span>
     <span class='ocr_line' id='line_1_41' title="bbox 144 3582 1140 3645; baseline 0 -16"><span class='ocrx_word' id='word_1_369' title='bbox 144 3591 232 3640; x_wconf 83' lang='lat' dir='ltr'><strong>notes,</strong></span> <span class='ocrx_word' id='word_1_370' title='bbox 252 3585 296 3644; x_wconf 81' lang='lat' dir='ltr'><strong>qui</strong></span> <span class='ocrx_word' id='word_1_371' title='bbox 310 3589 368 3628; x_wconf 86' lang='lat' dir='ltr'><strong>sont</strong></span> <span class='ocrx_word' id='word_1_372' title='bbox 383 3583 413 3628; x_wconf 84' lang='lat' dir='ltr'><strong>ds</strong></span> <span class='ocrx_word' id='word_1_373' title='bbox 428 3584 490 3628; x_wconf 88' lang='lat' dir='ltr'><strong>trois</strong></span> <span class='ocrx_word' id='word_1_374' title='bbox 509 3583 632 3630; x_wconf 67' lang='lat' dir='ltr'><strong>scrituras</strong></span> <span class='ocrx_word' id='word_1_375' title='bbox 646 3582 788 3645; x_wconf 67' lang='lat' dir='ltr'><strong>differentes</strong></span> <span class='ocrx_word' id='word_1_376' title='bbox 807 3585 878 3642; x_wconf 83' lang='lat' dir='ltr'><strong>(dont</strong></span> <span class='ocrx_word' id='word_1_377' title='bbox 892 3601 938 3630; x_wconf 87' lang='lat' dir='ltr'><strong>une</strong></span> <span class='ocrx_word' id='word_1_378' title='bbox 949 3583 1007 3644; x_wconf 82' lang='lat' dir='ltr'><strong>sort</strong></span> <span class='ocrx_word' id='word_1_379' title='bbox 1024 3586 1099 3642; x_wconf 85' lang='lat' dir='ltr'><strong>p&#39;etits</strong></span> <span class='ocrx_word' id='word_1_380' title='bbox 1115 3591 1140 3629; x_wconf 85' lang='lat' dir='ltr'><strong>et</strong></span> 
     </span>
     <span class='ocr_line' id='line_1_42' title="bbox 143 3651 1184 3716; baseline -0.003 -17"><span class='ocrx_word' id='word_1_381' title='bbox 143 3654 217 3699; x_wconf 72' lang='lat' dir='ltr'><strong>dune</strong></span> <span class='ocrx_word' id='word_1_382' title='bbox 233 3656 327 3698; x_wconf 81' lang='lat' dir='ltr'><strong>lecture</strong></span> <span class='ocrx_word' id='word_1_383' title='bbox 352 3654 531 3697; x_wconf 75' lang='lat' dir='ltr'><strong>extrlmsmsnt</strong></span> <span class='ocrx_word' id='word_1_384' title='bbox 550 3651 652 3716; x_wconf 77' lang='lat' dir='ltr'><strong>difficile</strong></span> <span class='ocrx_word' id='word_1_385' title='bbox 673 3654 724 3698; x_wconf 87' lang='lat' dir='ltr'><strong>doit</strong></span> <span class='ocrx_word' id='word_1_386' title='bbox 745 3655 796 3699; x_wconf 77' lang='lat' dir='ltr'><strong>esre</strong></span> <span class='ocrx_word' id='word_1_387' title='bbox 811 3654 844 3700; x_wconf 87' lang='lat' dir='ltr'><strong>du</strong></span> <span class='ocrx_word' id='word_1_388' title='bbox 868 3662 945 3714; x_wconf 86' lang='lat' dir='ltr'><strong>temps</strong></span> <span class='ocrx_word' id='word_1_389' title='bbox 963 3655 993 3700; x_wconf 82' lang='lat' dir='ltr'><strong>de</strong></span> <span class='ocrx_word' id='word_1_390' title='bbox 1013 3654 1101 3701; x_wconf 81' lang='lat' dir='ltr'><strong>Pitieuu</strong></span> <span class='ocrx_word' id='word_1_391' title='bbox 1115 3659 1139 3698; x_wconf 90' lang='lat' dir='ltr'><strong>et</strong></span> <span class='ocrx_word' id='word_1_392' title='bbox 1182 3688 1184 3696; x_wconf 63' lang='grc'><strong>.</strong></span> 
     </span>
     <span class='ocr_line' id='line_1_43' title="bbox 143 3722 1141 3783; baseline 0 -15"><span class='ocrx_word' id='word_1_393' title='bbox 143 3723 257 3783; x_wconf 80' lang='lat' dir='ltr'><strong>Bigoult)</strong></span> <span class='ocrx_word' id='word_1_394' title='bbox 280 3722 409 3782; x_wconf 74' lang='lat' dir='ltr'><strong>indiquent</strong></span> <span class='ocrx_word' id='word_1_395' title='bbox 432 3723 564 3781; x_wconf 80' lang='lat' dir='ltr'><strong>plusieurs</strong></span> <span class='ocrx_word' id='word_1_396' title='bbox 585 3724 710 3768; x_wconf 78' lang='lat' dir='ltr'><strong>uariantes</strong></span> <span class='ocrx_word' id='word_1_397' title='bbox 732 3723 775 3768; x_wconf 79' lang='lat' dir='ltr'><strong>des</strong></span> <span class='ocrx_word' id='word_1_398' title='bbox 793 3726 946 3770; x_wconf 81' lang='lat' dir='ltr'><strong>manuscrits</strong></span> <span class='ocrx_word' id='word_1_399' title='bbox 964 3725 993 3770; x_wconf 78' lang='lat' dir='ltr'><strong>ds</strong></span> <span class='ocrx_word' id='word_1_400' title='bbox 1010 3724 1098 3770; x_wconf 84' lang='lat' dir='ltr'><strong>Pitlrou</strong></span> <span class='ocrx_word' id='word_1_401' title='bbox 1115 3729 1141 3768; x_wconf 87' lang='lat' dir='ltr'><strong>st</strong></span> 
     </span>
     <span class='ocr_line' id='line_1_44' title="bbox 142 3787 1140 3856; baseline 0.002 -20"><span class='ocrx_word' id='word_1_402' title='bbox 142 3793 174 3837; x_wconf 83' lang='lat' dir='ltr'><strong>ds</strong></span> <span class='ocrx_word' id='word_1_403' title='bbox 189 3791 288 3847; x_wconf 85' lang='lat' dir='ltr'><strong>Reims,</strong></span> <span class='ocrx_word' id='word_1_404' title='bbox 316 3799 339 3836; x_wconf 91' lang='lat' dir='ltr'><strong>et</strong></span> <span class='ocrx_word' id='word_1_405' title='bbox 359 3792 403 3837; x_wconf 84' lang='lat' dir='ltr'><strong>des</strong></span> <span class='ocrx_word' id='word_1_406' title='bbox 423 3793 520 3836; x_wconf 79' lang='lat' dir='ltr'><strong>senonis</strong></span> <span class='ocrx_word' id='word_1_407' title='bbox 544 3787 560 3835; x_wconf 81' lang='lat' dir='ltr'><strong>d</strong></span> <span class='ocrx_word' id='word_1_408' title='bbox 581 3793 691 3838; x_wconf 80' lang='lat' dir='ltr'><strong>certains</strong></span> <span class='ocrx_word' id='word_1_409' title='bbox 714 3807 842 3854; x_wconf 73' lang='lat' dir='ltr'><strong>passages</strong></span> <span class='ocrx_word' id='word_1_410' title='bbox 870 3794 996 3839; x_wconf 68' lang='lat' dir='ltr'><strong>dautem</strong></span> <span class='ocrx_word' id='word_1_411' title='bbox 1021 3807 1097 3856; x_wconf 79' lang='lat' dir='ltr'><strong>grass</strong></span> <span class='ocrx_word' id='word_1_412' title='bbox 1115 3799 1140 3838; x_wconf 92' lang='lat' dir='ltr'><strong>st</strong></span> 
     </span>
     <span class='ocr_line' id='line_1_45' title="bbox 141 3859 1137 3924; baseline 0.001 -17"><span class='ocrx_word' id='word_1_413' title='bbox 141 3864 223 3908; x_wconf 83' lang='lat' dir='ltr'><strong>latins</strong></span> <span class='ocrx_word' id='word_1_414' title='bbox 240 3863 282 3921; x_wconf 82' lang='lat' dir='ltr'><strong>pai</strong></span> <span class='ocrx_word' id='word_1_415' title='bbox 292 3869 399 3920; x_wconf 83' lang='lat' dir='ltr'><strong>psuosut</strong></span> <span class='ocrx_word' id='word_1_416' title='bbox 420 3859 493 3924; x_wconf 82' lang='lat' dir='ltr'><strong>offrir</strong></span> <span class='ocrx_word' id='word_1_417' title='bbox 512 3859 556 3905; x_wconf 84' lang='lat' dir='ltr'><strong>des</strong></span> <span class='ocrx_word' id='word_1_418' title='bbox 583 3860 792 3920; x_wconf 83' lang='lat' dir='ltr'><strong>rapproeiremesrs</strong></span> <span class='ocrx_word' id='word_1_419' title='bbox 813 3878 871 3910; x_wconf 82' lang='lat' dir='ltr'><strong>aser</strong></span> <span class='ocrx_word' id='word_1_420' title='bbox 886 3866 996 3909; x_wconf 76' lang='lat' dir='ltr'><strong>contains</strong></span> <span class='ocrx_word' id='word_1_421' title='bbox 1010 3876 1137 3923; x_wconf 77' lang='lat' dir='ltr'><strong>passages</strong></span> 
     </span>
     <span class='ocr_line' id='line_1_46' title="bbox 142 3925 1137 3991; baseline 0 -15"><span class='ocrx_word' id='word_1_422' title='bbox 142 3932 173 3976; x_wconf 85' lang='lat' dir='ltr'><strong>de</strong></span> <span class='ocrx_word' id='word_1_423' title='bbox 189 3925 295 3976; x_wconf 76' lang='lat' dir='ltr'><strong>Pisidrs.</strong></span> <span class='ocrx_word' id='word_1_424' title='bbox 330 3931 370 3976; x_wconf 82' lang='lat' dir='ltr'><strong>De</strong></span> <span class='ocrx_word' id='word_1_425' title='bbox 394 3945 436 3976; x_wconf 83' lang='lat' dir='ltr'><strong>sss</strong></span> <span class='ocrx_word' id='word_1_426' title='bbox 459 3930 526 3976; x_wconf 78' lang='lat' dir='ltr'><strong>deux</strong></span> <span class='ocrx_word' id='word_1_427' title='bbox 544 3944 636 3990; x_wconf 82' lang='lat' dir='ltr'><strong>gens-es</strong></span> <span class='ocrx_word' id='word_1_428' title='bbox 655 3932 685 3977; x_wconf 85' lang='lat' dir='ltr'><strong>ds</strong></span> <span class='ocrx_word' id='word_1_429' title='bbox 702 3939 785 3988; x_wconf 87' lang='lat' dir='ltr'><strong>notes,</strong></span> <span class='ocrx_word' id='word_1_430' title='bbox 804 3936 827 3978; x_wconf 89' lang='lat' dir='ltr'><strong>te</strong></span> <span class='ocrx_word' id='word_1_431' title='bbox 840 3935 952 3991; x_wconf 82' lang='lat' dir='ltr'><strong>premier</strong></span> <span class='ocrx_word' id='word_1_432' title='bbox 970 3933 1065 3977; x_wconf 72' lang='lat' dir='ltr'><strong>devient</strong></span> <span class='ocrx_word' id='word_1_433' title='bbox 1082 3935 1137 3977; x_wconf 86' lang='lat' dir='ltr'><strong>inu-</strong></span> 
     </span>
     <span class='ocr_line' id='line_1_47' title="bbox 141 4001 1139 4062; baseline -0.002 -14"><span class='ocrx_word' id='word_1_434' title='bbox 141 4003 202 4056; x_wconf 86' lang='lat' dir='ltr'><strong>tits,</strong></span> <span class='ocrx_word' id='word_1_435' title='bbox 218 4015 270 4060; x_wconf 81' lang='lat' dir='ltr'><strong>par</strong></span> <span class='ocrx_word' id='word_1_436' title='bbox 284 4003 307 4048; x_wconf 82' lang='lat' dir='ltr'><strong>le</strong></span> <span class='ocrx_word' id='word_1_437' title='bbox 326 4007 393 4047; x_wconf 74' lang='lat' dir='ltr'><strong>texts</strong></span> <span class='ocrx_word' id='word_1_438' title='bbox 418 4007 441 4046; x_wconf 90' lang='lat' dir='ltr'><strong>st</strong></span> <span class='ocrx_word' id='word_1_439' title='bbox 459 4002 497 4046; x_wconf 81' lang='lat' dir='ltr'><strong>trs</strong></span> <span class='ocrx_word' id='word_1_440' title='bbox 515 4002 642 4047; x_wconf 79' lang='lat' dir='ltr'><strong>variantes</strong></span> <span class='ocrx_word' id='word_1_441' title='bbox 660 4017 704 4062; x_wconf 82' lang='lat' dir='ltr'><strong>pue</strong></span> <span class='ocrx_word' id='word_1_442' title='bbox 722 4017 784 4049; x_wconf 86' lang='lat' dir='ltr'><strong>usus</strong></span> <span class='ocrx_word' id='word_1_443' title='bbox 799 4003 932 4062; x_wconf 75' lang='lat' dir='ltr'><strong>pubiions5</strong></span> <span class='ocrx_word' id='word_1_444' title='bbox 958 4009 982 4046; x_wconf 84' lang='lat' dir='ltr'><strong>et</strong></span> <span class='ocrx_word' id='word_1_445' title='bbox 1000 4005 1023 4046; x_wconf 88' lang='lat' dir='ltr'><strong>ts</strong></span> <span class='ocrx_word' id='word_1_446' title='bbox 1047 4001 1139 4047; x_wconf 76' lang='lat' dir='ltr'><strong>second</strong></span> 
     </span>
    </p>
   </div>
   <div class='ocr_carea' id='block_1_5' title="bbox 0 0 1442 4736">
    <p class='ocr_par' dir='ltr' id='par_1_6' title="bbox 0 0 1442 4736">
     <span class='ocr_line' id='line_1_48' title="bbox 0 0 1442 4736; baseline 0 0"><span class='ocrx_word' id='word_1_447' title='bbox 0 0 1442 4736; x_wconf 95' lang='lat' dir='ltr'><strong> </strong></span> 
     </span>
    </p>
   </div>
  </div>
 </body>
</html>
