2816 4716
93 447 212 512 Redeo
231 447 313 510 unde
337 443 469 512 discesti
487 450 528 512 ad
549 444 691 524 libellum
715 466 828 511 meum.

93 551 194 617 Hunc
215 551 399 616 obtrectare
420 547 447 613 ei
467 549 556 615 volet
578 546 774 632 malignitas,

93 650 223 718 Imitari
244 654 317 714 dum
340 672 406 718 nou
424 652 545 736 possit,
568 655 729 717 obtrectet
750 649 844 714 lieet:
892 693 894 700 -

94 753 187 818 Mihi
208 775 322 838 magua
339 753 408 821 laus
429 765 493 830 cst,
516 757 605 840 quod
625 764 676 829 tu,
699 755 789 838 quod
811 751 928 818 similes
953 748 999 812 tui
1042 749 1081 822 20
1199 837 1201 846 y

21 924 27 941 Ι
92 859 247 920 Labores
267 855 405 921 libenter
426 855 535 942 legant
558 878 657 942 usque
680 877 785 930 meos,

96 957 293 1044 Dignosque
315 958 418 1044 longa
436 957 576 1025 iudicent
599 957 766 1039 memoria,

98 1064 236 1144 Semper
256 1061 384 1147 fugatae
404 1061 477 1144 plus
498 1060 649 1124 vetustati
669 1059 757 1124 lavet

92 1162 222 1233 Invidia
243 1167 381 1239 mordax
402 1184 496 1250 quam
517 1163 616 1230 bonis
636 1155 870 1246 praesentibus.

476 1359 731 1378 *nnn—*np-

337 1573 846 1694 asennaa

509 1743 677 1762 m

516 1858 615 1920 [ran.
643 1859 676 1920 ι.]

354 1953 513 2080 smnus
543 1982 606 2046 aa
633 1979 834 2058 vennas,

164 2121 296 2177 ‘Avarum
315 2085 402 2178 ettam
422 2122 497 2198 quod
517 2124 570 2179 aibr·
588 2129 714 2196 superest
731 2140 790 2176 non
807 2121 926 2180 meatu
946 2123 1025 2178 dares

145 2251 288 2338 Vulpem
308 2257 449 2339 rogabat
469 2265 595 2340 partem
618 2258 735 2320 caudae
756 2251 883 2331 simius,

100 2355 290 2444 Contegere
310 2358 446 2422 honeste
467 2369 578 2440 posset
599 2368 634 2420 ut
654 2361 753 2421 nudas
771 2368 887 2432 nates3'

100 2459 169 2526 cui
189 2459 236 2524 sic
257 2459 416 2549 maligna:
437 2457 595 2544 *Longior
615 2460 673 2522 fiat
692 2458 785 2534 licet,
824 2541 828 2550 .

101 2565 227 2628 Tamen
247 2561 335 2628 illam
356 2559 450 2628 citius
471 2584 531 2646 per
551 2561 652 2626 lutum
674 2572 706 2626 et
727 2559 836 2644 spinas
856 2560 1001 2634 traham,

101 2666 208 2748 Quam
228 2675 353 2750 partem
375 2663 521 2752 quamvis
541 2686 675 2750 parvam
695 2661 866 2748 impertiar
881 2661 956 2728 tibi.
1068 2661 1088 2724 5

510 2865 609 2926 [aas.
634 2867 681 2928 rr]

496 2987 705 3056 AUCTOR.

347 3099 415 3200 Nori
433 3147 492 3187 esse
507 3132 574 3204 plus
591 3145 677 3202 aequo
695 3127 853 3198 petendum.
883 3149 888 3190 g

149 3263 301 3332 Arbitrio
324 3263 353 3329 si
373 3275 487 3330 natura
504 3257 650 3324 finxisset
670 3279 743 3323 meo

103 3371 218 3436 Genus
235 3367 389 3444 mortale,
411 3367 510 3450 longe
528 3361 617 3428 foret
635 3359 839 3426 instructius:

103 3477 192 3540 Nam
212 3481 326 3536 cuncta
344 3469 439 3536 uobis
460 3464 656 3532 attribuisset
677 3465 846 3529 commoda

103 3577 325 3661 Quaecunque
347 3575 493 3639 Fortuna
513 3569 681 3653 indulgens
703 3565 829 3631 animali
851 3566 956 3632 dedit:

103 3677 285 3763 Elephanti
307 3675 411 3754 vires,
435 3686 467 3740 et
485 3672 588 3739 leonis
610 3670 779 3757 impetum,
809 3681 812 3688 “
1075 3670 1094 3732 5

128 3872 131 3880 ¹
166 3901 226 3945 Far.
246 3901 268 3944 1.
312 3894 352 3957 (5)
371 3897 411 3942 Sic
429 3893 458 3940 G.
476 3893 507 3940 Z.
536 3917 568 3930 -
596 3892 675 3956 Quum
699 3891 744 3938 etta·
767 3891 900 3968 impartiar
921 3888 976 3946 (sic)
992 3901 1097 3950 pereum

110 3970 228 4032 quamuis
247 3974 347 4028 portam
364 3970 420 4012 vat.
440 3964 526 4021 Neap„
900 3969 901 3979 ¹
