2846 4736
280 343 322 408 38

285 483 377 547 Tune
399 479 539 546 moriens
562 497 673 544 vorem
695 479 776 540 bauo
798 475 930 540 edidisse
953 472 1085 536 dicitur:

283 587 314 651 0
338 607 387 648 me
409 582 582 647 infelicem!
606 581 763 666 quinune
785 583 907 643 demum
929 577 1099 659 intellego,

279 687 378 752 Utilia
399 685 474 748 mibi
496 705 589 769 quam
611 684 745 760 luerint,
770 703 850 768 quae
871 684 1093 762 despexerun,

283 790 347 866 Et,
370 809 451 872 quae
473 789 654 864 laudaram,
679 799 828 870 quantum
850 785 953 847 luctus
970 781 1149 846 habuerint.

680 1003 885 1067 [run.xuu]
960 1043 964 1048 .

535 1157 718 1223 VUL‘PES
742 1157 803 1221 ET
827 1152 1026 1218 CORVUS.

327 1299 391 1378 Qui
413 1319 447 1361 se
469 1295 589 1360 landari
612 1298 727 1381 gaudet
748 1292 857 1357 verbis
878 1290 1037 1366 subdolis,

263 1401 364 1480 ¹Fere
387 1403 440 1462 dat
460 1420 580 1482 poenas
602 1397 689 1480 turpi
710 1394 918 1479 poenitentia.
945 1391 948 1398 '

324 1502 429 1582 Quum
452 1504 490 1564 de
510 1501 651 1578 fenestra
668 1495 790 1564 'corvus
813 1509 937 1580 raptum
960 1480 1084 1558 caseuni

281 1601 442 1698 Comesse·
459 1605 574 1681 vellet,
599 1603 682 1668 celse
704 1601 846 1666 residens
868 1602 1004 1676 arbore,

169 1695 174 1702 ⁶
278 1705 404 1788 Vulpes
427 1708 510 1769 huno
531 1707 628 1781 vidit,
653 1706 762 1768 deinde
785 1703 831 1766 sie
854 1701 959 1783 eoepit
981 1701 1090 1784 loqui:

280 1807 311 1871 Ο
334 1811 389 1892 qui
409 1820 550 1885 tuarum,
574 1825 692 1881 corve,
716 1825 891 1887 pennarum
914 1816 961 1866 est
983 1804 1088 1868 nitor!

282 1911 439 1989 Quantum
463 1909 587 1974 decoris
610 1928 749 1988 empore
772 1919 803 1969 et
824 1906 916 1970 vultu
940 1906 1045 1991 geris!

281 2011 316 2076 Si
339 2033 450 2076 vocem
472 2013 623 2086 haberes,
647 2010 731 2072 nulla
754 2008 846 2090 prior
868 2003 932 2070 eles
953 2009 1053 2071 foret.

281 2114 328 2177 At
348 2114 401 2176 ille
422 2114 556 2188 stultus,
580 2116 652 2175 dnm
676 2111 742 2174 vult
765 2127 880 2174 vocem
903 2113 1090 2188 ostendere,

282 2215 396 2279 Emisit
418 2197 482 2278 ore⁶
499 2235 642 2291 caseum,
668 2235 760 2298 quern
784 2213 929 2277 celeriter

281 2317 406 2382 Dolosa
428 2318 539 2400 vulpes
561 2317 660 2382 avidis
682 2315 788 2398 rapuit
809 2315 967 2380 dentibus.

282 2421 366 2483 Tum
388 2423 512 2484 demum
534 2418 687 2504 ingemuit
709 2418 800 2482 corvi
823 2419 973 2501 deceptus
996 2431 1123 2501 stupor.
1156 2442 1158 2454 ⁴

323 2523 397 2591 Hae
417 2543 453 2583 re
475 2525 631 2605 probatur
652 2521 810 2606 ingenium
833 2533 982 2606 quiantum
1006 2524 1090 2585 valet

282 2623 412 2694 Virtute
433 2636 466 2688 et
487 2645 612 2708 semper
634 2625 799 2708 praevalet
821 2624 984 2706 sepientis.
1019 2643 1023 2651 “

279 2887 311 2898 -
320 2876 402 2908 vorem
414 2860 479 2908 boue
490 2863 591 2910 deense
608 2865 638 2910 D.
660 2865 761 2910 testibus
776 2864 830 2923 urg.
845 2869 869 2908 et
878 2863 941 2910 Gnd.
961 2888 993 2898 —
1012 2861 1111 2909 dedlese
1123 2879 1204 2911 soeem
1213 2863 1282 2911 liene

277 2933 308 2978 D.
327 2939 387 2980 teste
406 2924 489 2979 Heius.
526 2933 581 2993 (14)
611 2934 687 2980 Utilia
718 2932 781 2990 milti
803 2947 877 2994 quam
894 2931 1006 2993 suerint]
1030 2935 1061 2978 D.
1086 2937 1113 2984 S.
1132 2955 1165 2967 -
1184 2933 1213 2980 Ut
1231 2936 1281 2981 itta

277 2998 340 3046 mels·
357 3015 430 3062 quom
443 2999 590 3060 profuerint
606 3004 637 3050 P.
656 3005 686 3050 ll.
700 3009 807 3060 uterque
826 3018 840 3048 n
858 3017 896 3060 pr.
915 3017 948 3048 m.
987 3005 1033 3050 Sed
1051 3005 1074 3048 in
1093 3005 1124 3050 P.
1143 3010 1282 3052 correctum

216 3075 221 3084 “
277 3084 325 3130 pur
341 3076 391 3116 tum
409 3071 466 3127 (non
483 3078 614 3130 quantum,
647 3077 673 3116 nt
688 3074 722 3117 ait
739 3072 822 3131 Εἰρὰς
842 3073 865 3116 in
883 3073 913 3118 R.
934 3073 967 3135 (iu
986 3088 1032 3132 qno
1050 3078 1110 3119 teste
1129 3075 1205 3120 Gudio
1224 3076 1281 3120 ino·
1343 3069 1346 3078 '

277 3140 351 3184 enm:
372 3139 460 3196 utillo)
485 3143 588 3186 deletum
609 3153 698 3200 quam:
718 3142 817 3199 sieque:
836 3152 875 3190 oo
899 3141 929 3188 tu
949 3143 995 3188 iilo
1013 3141 1075 3188 milri
1090 3141 1234 3204 profuerint
1250 3157 1283 3200 P.

277 3232 310 3244 -
328 3207 378 3252 111'0
395 3206 546 3269 mihiquem
559 3208 706 3269 profuerint
722 3212 841 3271 Bongers.

328 3278 388 3322 Fen.
407 3278 479 3324 xiil.
516 3278 553 3336 (l)
572 3277 630 3340 Qui]
650 3305 683 3316 -
702 3279 770 3342 Quae
787 3283 818 3326 D.
840 3285 900 3326 teste
919 3280 1003 3327 Heius.
1032 3283 1059 3326 ln
1077 3295 1115 3326 vr.
1137 3279 1161 3326 1.
1182 3280 1207 3327 2.
1226 3295 1282 3328 ser-

276 3348 328 3391 nnvi
348 3348 402 3391 leet.
421 3349 452 3396 P.
470 3349 501 3393 R.
520 3347 571 3404 (Α.)
589 3363 613 3404 p.
634 3374 667 3384 --
684 3350 796 3411 gaudent
818 3363 841 3396 o.
860 3364 884 3396 e.
905 3348 968 3396 Sero
990 3349 1051 3396 dont
1066 3364 1163 3409 poenae
1182 3351 1281 3410 tarpeis

272 3416 426 3474 poenitentia
444 3419 474 3463 D.
494 3417 604 3474 (testibus
622 3419 676 3478 llig.
699 3425 723 3464 et
740 3420 815 3473 Gnd.)
834 3421 860 3465 S.
880 3443 912 3454 ·-
931 3419 1015 3464 Serae
1034 3420 1095 3466 dont
1112 3434 1209 3478 poenae
1224 3427 1281 3466 rur-

271 3499 320 3543 με
335 3487 502 3543 poenitentioe
518 3489 549 3532 D.
568 3493 629 3534 teste
653 3490 738 3534 Heius.
787 3486 823 3549 (5)
853 3487 945 3548 Vulpes
962 3487 1028 3542 hreno
1046 3487 1116 3549 vedu]
1135 3491 1174 3536 sio
1196 3491 1226 3538 P.
1245 3491 1279 3536 R.

277 3554 328 3610 (sed
342 3556 446 3613 vulpis.)
464 3581 497 3592 -
517 3555 609 3616 Vulpes
625 3564 650 3603 ut
666 3558 728 3604 uidit
745 3560 776 3604 D.
797 3583 829 3598 -
848 3557 920 3608 Hune
939 3557 1000 3608 sidu
1024 3561 1105 3618 sulpit
1124 3573 1148 3615 p·
1168 3562 1193 3610 S·
1214 3560 1279 3616 (out-

272 3638 382 3682 propre
401 3627 482 3684 vulpis
501 3626 586 3685 ubique
605 3629 705 3684 scripsi,
726 3631 798 3674 etiem
818 3644 841 3674 v.
864 3627 916 3683 11.)
953 3627 1038 3686 (ibid.)
1058 3654 1091 3664 -
1109 3627 1208 3690 deiude]
1228 3631 1285 3680 llo-.

275 3695 413 3742 mulus.,D.
439 3701 499 3742 teste
517 3697 625 3742 Heinsio.
645 3699 672 3742 S.
698 3721 731 3736 ·-
749 3697 839 3743 dehine
856 3699 885 3743 P.
905 3699 936 3750 ll.
959 3699 1030 3753 (teste
1049 3699 1148 3752 Gudio.)
1167 3701 1197 3748 D.
1216 3705 1278 3745 teste

275 3763 349 3824 lug„
378 3766 416 3810 eni
439 3767 517 3821 potius
541 3767 623 3812 credo.
649 3787 683 3802 -·
706 3766 795 3812 deliine
819 3768 858 3812 eir
878 3769 988 3826 occoepit
1007 3783 1031 3825 p.
1077 3767 1115 3825 (6)
1137 3779 1168 3814 =
1189 3783 1204 3814 o
1221 3771 1279 3830 quis

275 3859 285 3870 -
303 3860 313 3870 ·
326 3837 467 3892 pinnarum
482 3837 512 3880 D.
550 3834 586 3891 (7)
604 3857 636 3870 -ι-
655 3835 770 3882 decorem
788 3839 819 3882 D.
840 3838 910 3894 prob.
931 3839 1034 3886 sumas.
1072 3838 1107 3895 (9)
1128 3841 1208 3893 „Mes
1234 3839 1277 3884 ba-

274 3903 331 3972 bent
346 3905 462 3950 latiorem
479 3905 583 3952 dumet
600 3905 659 3952 dum
678 3905 779 3952 etiam.·’'
814 3908 897 3954 lleins.
923 3908 955 3954 ut
975 3923 1036 3963 nos,
1061 3903 1141 3954 m.
1163 3923 1186 3963 p.
1206 3909 1232 3952 S.
1252 3914 1278 3954 et

275 3975 333 4020 en.
354 3975 471 4035 Rigaltins
489 3976 547 4024 nihil
565 3981 641 4024 notet.
676 3977 708 4024 ut
727 3990 785 4022 vero
803 3978 852 4026 Aa
873 3977 918 4028 ille
936 3976 995 4026 dnm
1016 3979 1067 4028 uult
1084 3977 1213 4026 ostendere
1234 3991 1276 4026 vo-
