2816 4716
103 535 263 622 Belliger
278 544 310 598 et
329 533 425 620 nigra
444 553 555 598 cursus
568 533 714 600 'statione
734 531 872 608 tenebit,

101 641 198 706 Tum
219 639 337 704 crebro
362 659 495 724 magnus
515 635 638 700 tonitru
660 636 839 720 pulsabitur
856 636 981 711 aether,
1100 639 1103 648 ’

10 754 14 800 i
111 746 198 806 Tum
218 742 360 806 resoluta
382 740 470 804 dabit
489 739 618 806 nimbos
637 761 708 804 cum
728 738 882 824 grandine
900 740 1018 812 nubem

109 847 174 910 Sed
196 843 316 930 magis,
338 841 492 908 hibernae
516 839 646 907 s'ciderit
667 863 766 928 quom
789 840 894 906 sidera
908 840 1026 925 partis,
1055 840 1096 904 35

108 949 264 1013 Effnudet
282 959 367 1012 totas
389 947 534 1012 violento
556 946 683 1010 numine
705 944 805 1010 vires.

29 1126 34 1137 Ι
107 1053 156 1116 At
177 1049 323 1116 modicos
344 1049 480 1128 imbres,
504 1049 605 1134 proni
627 1071 724 1136 quom
748 1069 869 1113 cornua
889 1046 992 1112 Tauri

18 1166 23 1175 “
106 1153 380 1240 Frugiferamque
402 1156 492 1218 deam
515 1153 568 1219 vel
589 1153 764 1218 brumalem
788 1145 1025 1234 Capricornum

106 1255 282 1340 Attigerit,
305 1254 429 1342 liquido
452 1275 517 1321 non
541 1277 654 1320 saevus
672 1259 712 1320 ab
735 1256 863 1328 aethere
885 1254 1009 1319 fundet.

107 1359 251 1424 Insertus
274 1358 423 1436 Cancro,
445 1369 549 1426 terras
571 1380 669 1445 quom
692 1357 799 1424 letifer
818 1367 893 1424 ortu
1056 1361 1097 1422 110

109 1460 213 1526 Sirius
235 1461 373 1540 afflavit,
396 1461 566 1530 nocituros
586 1473 743 1546 temperat
765 1471 882 1524 aestus.

73 1636 76 1646 Ι
106 1563 268 1647 Scorpios
291 1577 324 1629 at
345 1564 470 1650 primae
487 1587 550 1651 qna
574 1564 663 1630 tollit
685 1562 829 1628 acumina
850 1567 968 1628 candae

103 1665 309 1754 Frigidaque
327 1668 462 1734 extremi
480 1669 543 1732 iam
564 1668 714 1732 claudunt
735 1666 840 1732 sidera
864 1667 994 1744 Pisces,

2 1795 10 1852 ,j
104 1769 230 1834 Martia
250 1792 316 1837 non
334 1769 410 1839 illos
426 1770 571 1836 turbabit
592 1769 699 1846 stella,
722 1791 824 1856 neque
840 1769 944 1836 imbre

102 1873 172 1937 Aut
190 1873 255 1936 ulla
275 1877 393 1964 condet
411 1873 529 1940 nitidos
552 1872 692 1958 caligine
710 1873 809 1938 soles.
1054 1875 1111 1960 45x

102 1977 168 2040 Sed
186 1974 214 2039 si
230 1975 317 2042 forte
340 1977 423 2042 diem
444 1977 548 2042 victus
571 1975 741 2042 mutaverit
765 1979 822 2040 adr

101 2079 146 2144 Et
168 2063 290 2144 ventos'
303 2092 357 2144 aut
372 2081 484 2146 fundet
504 2103 619 2167 aquas,
645 2077 856 2166 gelidissimus
873 2081 974 2143 undae

101 2179 156 2246 Fit
173 2179 269 2267 rigor
293 2195 325 2248 et
345 2195 418 2250 toto
446 2185 571 2250 Boreas
591 2179 809 2248 dominabitur
827 2183 922 2247 orbe.

6 2321 8 2326 .
99 2285 146 2348 At
163 2283 276 2347 faciles
297 2285 408 2368 glebas
430 2283 581 2369 astringit
602 2284 732 2370 frigore
755 2305 857 2349 verno

5 2367 8 2378 '
101 2385 197 2454 alma
214 2385 344 2464 venus,
368 2385 507 2452 Poeans
531 2385 621 2452 clato
644 2409 743 2474 quom
763 2387 882 2453 venere
906 2386 996 2450 ausu
1051 2389 1092 2452 so

99 2489 168 2552 Sub
187 2489 291 2554 lucem
313 2488 482 2565 exoriens3
506 2493 679 2576 eademque
700 2489 755 2553 ubi
775 2501 923 2574 tempore
945 2492 1060 2556 eodem

98 2593 290 2658 Aetherium
307 2590 396 2658 venit
412 2594 556 2656 Taurum
574 2613 687 2678 super,
709 2593 868 2658 imbribus
883 2593 961 2658 atris

98 2696 144 2758 Et
164 2693 286 2759 tonitru
307 2697 485 2780 crebraque
507 2695 678 2762 abscondit
700 2696 854 2781 grandine
872 2707 988 2763 terras.

4 2887 6 2898 ,
94 2839 199 2901 primct]
214 2843 247 2888 lr.
303 2839 555 2902 (tetrardorum.
588 2861 623 2878 -
651 2844 748 2889 steterit
765 2857 837 2904 quom
851 2843 935 2890 cidere
952 2844 986 2892 Ιι·.
1033 2842 1088 2904 (36)

99 2909 218 2969 violento]
236 2913 321 2958 Heius.
335 2913 371 2958 lr.
407 2909 464 2968 (57)
481 2909 524 2970 Ar]
539 2911 671 2958 Helvetios.
686 2914 721 2958 lr.
757 2914 794 2959 lb.
803 2913 893 2973 proni]
906 2915 1036 2960 Helvetios.
1055 2916 1087 2964 Ιι·.

97 2975 159 3042 (59)
175 2979 306 3041 Attigere't]
325 2983 360 3028 Ιι·.
403 2975 460 3046 (lib)
477 2980 603 3040 Incertus]
623 2982 754 3028 llelretiua.
774 2984 808 3028 lr.
851 2981 909 3042 (tt)
926 2973 1090 3030 Emendarnnt

97 3052 183 3100 Heius.
199 3051 270 3096 etlr.
307 3049 363 3109 (44)
380 3050 478 3098 Martia
494 3065 544 3097 non
561 3051 620 3098 illos
635 3051 746 3098 turbabit
761 3051 845 3112 ateIIc]
862 3055 931 3100 Helu.
946 3055 980 3100 lr.
1026 3054 1087 3100 lbid.

99 3118 191 3180 imbre]
211 3120 246 3166 lr.
283 3117 341 3179 (55)
359 3123 426 3168 llunc
444 3136 468 3168 v.
483 3137 530 3169 aon
543 3122 663 3180 intelligo.
687 3122 791 3168 Fuitne:
820 3122 871 3168 Sed
893 3124 918 3170 si
933 3120 1004 3183 sorte
1022 3124 1089 3170 diem

98 3191 188 3238 varius
206 3192 340 3236 mutaverit
357 3191 418 3247 air,
451 3207 480 3238 au
505 3191 545 3237 dte
565 3190 657 3250 (gerit.
679 3189 743 3250 ant.)
761 3192 854 3238 tultum
871 3195 1005 3239 mutaverit
1022 3194 1085 3242 ‹rel-‚⁹

96 3260 144 3308 Or.
169 3257 227 3318 (58)
239 3258 290 3320 Fit]
302 3262 348 3306 Bu.
361 3283 396 3296 -
409 3261 474 3307 Tum
487 3263 521 3306 lr.
545 3257 743 3321 (illaltsaeiles
753 3261 844 3324 glebae
856 3264 980 3326 astringit
993 3265 1039 3310 Bu.
1056 3284 1088 3300 -

95 3326 231 3389 Arsacidis
245 3331 334 3391 glebae
346 3333 400 3378 luta
415 3332 523 3392 stringit
534 3332 568 3376 tr.
594 3332 697 3386 Cetera,
717 3333 741 3378 in
760 3333 848 3390 quibus
867 3335 947 3380 differt
964 3335 1086 3380 restitutio

95 3406 181 3448 rostra
199 3415 213 3446 a
230 3401 291 3448 eoa.
308 3402 395 3458 hasil„
412 3407 521 3448 correcta
534 3406 589 3446 sunt
603 3416 616 3447 e
632 3401 708 3448 codd.
721 3402 843 3448 Pnteraeo
860 3408 884 3448 et
904 3404 1051 3452 matritensi.

350 3643 563 3726 RELIQUA
587 3643 829 3710 VARIETAS

133 3763 226 3824 COD.
249 3763 525 3824 MATRITENSIS
553 3765 733 3824 COLLATI
759 3763 942 3824 sctLtch
963 3763 1047 3825 CUM

404 3859 602 3922 EDITIONE
623 3859 777 3922 GROTII.

146 3979 211 4026 Edit.
235 3985 332 4026 nostrae
355 3995 410 4042 pag.
428 3979 488 4028 2⁰2.
517 3983 591 4028 Vera.
617 3979 674 4040 (51)
697 4001 734 4019 -
750 3987 840 4026 taurus
888 3972 952 4042 (54)
970 3985 1084 4039 -puta

93 4047 151 4106 (55)
170 4051 263 4096 l’irruat
273 4047 393 4110 fulserit.
447 4049 504 4110 (55)
530 4071 564 4088 ι-
581 4053 671 4098 omittit
688 4061 791 4101 ananan.
846 4046 905 4109 (57)
928 4069 959 4086 -·
976 4051 1080 4096 nemeis.

91 4121 171 4170 Habet
188 4127 296 4168 cetrum.
333 4119 389 4180 (58)
408 4141 443 4161 ι·
461 4137 510 4168 orn.
530 4127 563 4171 et.
598 4119 1079 4181 (60)-1tuaa.·eaatam·-aror.
