2816 4716
322 387 362 451 16

322 529 468 592 Honeste
490 520 621 588 serviet.
646 517 702 606 qui
723 515 902 584 succumbit
920 512 1074 598 tempori.

321 631 434 694 Homo
459 626 543 690 vitae
564 625 796 690 commodatus.
822 643 889 685 non
910 622 1127 701 donatusest.

321 735 428 797 Heres
454 731 548 794 fictus
570 731 627 792 sub
652 742 791 810 persona
811 723 896 788 risus
914 734 975 787 est.
998 773 1003 780 .
1082 731 1085 740 '
1261 716 1327 780 175

294 843 297 848 ’
324 836 488 898 Heredem
508 831 597 895 serre
617 829 725 892 utilius
747 827 805 892 est.
829 847 923 912 quam
943 842 1112 911 quaerere.

322 941 454 1002 Habent
474 935 583 999 locum
605 931 767 996 maledicti
790 933 924 1002 crebrae
947 917 1090 1009 nuptiae.

326 1039 471 1104 Inferior
494 1035 645 1102 orrescit.
668 1033 824 1120 quicquid
844 1025 958 1116 peccat
980 1029 1144 1114 superior.

324 1141 492 1207 Inimicum
516 1138 644 1204 ulcisci.
668 1137 767 1200 vitam
790 1135 940 1218 accipere
963 1145 1010 1198 est
1030 1134 1177 1198 alteram.

324 1244 465 1318 Invitum
480 1267 551 1307 cum
563 1233 730 1328 '‘retineas.
759 1237 848 1304 exire
871 1237 998 1302 incites.
1262 1236 1328 1299 180

325 1346 559 1432 Ingenuitatem
578 1344 690 1408 laedis.
719 1365 790 1407 cum
812 1341 943 1427 dignum
964 1359 1077 1426 roges.

324 1453 365 1515 lu
387 1450 476 1514 nullo
498 1469 614 1513 avarus
636 1450 739 1512 bonus
762 1456 822 1510 est.
844 1444 932 1510 inse
953 1443 1122 1526 pessimus.

328 1552 424 1636 Inopi
443 1551 631 1618 beneficium
650 1549 702 1613 bis
723 1552 789 1612 dat.
814 1547 870 1634 qui
893 1550 945 1610 dat
969 1545 1130 1614 celeriter.

328 1655 464 1739 Inopiae
483 1677 585 1738 parva
608 1658 731 1717 desunt.
756 1651 910 1715 avaritiae
934 1649 1053 1715 omnia.

279 1827 283 1834 ,
326 1757 486 1824 Instructo
509 1755 620 1840 inopia
641 1767 688 1820 est
709 1755 742 1818 in
763 1753 884 1820 divitiis
904 1753 1074 1837 cupiditas.
1263 1753 1326 1818 185

329 1863 370 1926 In
393 1881 425 1926 se
447 1859 528 1928 vitat
550 1859 688 1944 culpam.
712 1857 767 1945 qui
786 1870 952 1942 peccatum
973 1855 1141 1939 praeterit.

329 1965 509 2056 lopundum
532 1962 613 2026 nihil
634 1973 693 2027 est.
720 1959 782 2025 nisi
804 1965 892 2048 quod
914 1958 1020 2024 reficit
1041 1958 1193 2024 varietas.

331 2066 518 2150 Ingenuitas
539 2087 605 2130 non
625 2064 741 2146 recipit
762 2063 999 2128 coutumeliam.

326 2168 463 2232 Irritare
486 2179 534 2230 est
552 2166 775 2231 calamitatem.
800 2177 923 2229 comte
944 2163 1071 2230 felicem
1089 2167 1281 2232 vocaveris.

327 2272 451 2354 Inpuue
472 2291 588 2352 pecces
606 2266 639 2331 in
660 2285 744 2332 eum.
770 2267 826 2356 qui
848 2279 963 2352 peccat
984 2267 1106 2334 rarior.
1261 2272 1324 2336 190

327 2353 478 2458 Ingratus
501 2394 580 2436 unus
601 2371 726 2435 miseris
749 2371 896 2437 omnibus
913 2369 1027 2436 uocet.

328 2477 369 2541 Iu
390 2477 504 2540 misera
529 2473 596 2539 vita
619 2475 812 2540 contumelia
834 2483 896 2538 est.

365 2565 372 2590 1

328 2650 378 2714 Ita
388 2647 521 2713 amicum
531 2651 766 2732 habeas.posse
776 2581 1033 2714 utsacildiniincri
1040 2647 1203 2715 inimicum
1212 2661 1321 2736 putes.

380 2867 453 2928 (173)
474 2879 505 2912 =
527 2867 587 2913 281.
605 2865 637 2913 0.
657 2879 689 2912 =
712 2865 771 2913 312.
782 2869 811 2914 Β.
833 2879 873 2916 cu>
889 2869 967 2924 serait
980 2864 1032 2915 OB.
1070 2867 1142 2926 (171)
1164 2878 1196 2914 =
1214 2867 1275 2916 278.
1288 2870 1321 2915 0.
1399 2929 1400 2932 ¹

330 2951 363 2984 ·.·.
385 2936 444 2984 305.
469 2940 499 2983 B.
537 2936 609 2996 (175)
628 2949 660 2983 ε
679 2935 738 2984 267.
757 2939 788 2984 0.
810 2949 842 2983 .·““..
866 2938 925 2986 295.
942 2941 972 2985 B.
994 2945 1026 2984 ,τ
1044 2937 1154 2984 Heredis
1168 2940 1248 3003 fletur
1264 2940 1319 2986 ΟΒ.

328 3006 400 3064 (176)
420 3019 452 3054 .·.·-
473 3006 532 3053 266.
553 3007 584 3052 Ο.
613 3031 647 3044 -
674 3006 733 3054 291.
751 3011 780 3056 Β.
853 3007 924 3064 (177)
948 3021 979 3053 =
1001 3007 1060 3056 264.
1085 3010 1116 3055 0.
1148 3021 1180 3054 =
1210 3008 1272 3055 290.
1288 3011 1319 3058 Β.

275 3085 277 3092 '
328 3077 400 3134 (178)
421 3089 453 3122 =
477 3073 535 3123 305.
557 3077 588 3122 Ο.
610 3087 642 3122 ..···.
663 3075 722 3123 338.
739 3080 768 3123 Β.
802 3088 840 3126 oto
861 3077 974 3138 Inferior
990 3081 1070 3126 rescit
1086 3086 1152 3126 recte
1172 3079 1204 3126 0.
1224 3105 1258 3114 —
1278 3079 1322 3124 In·

323 3145 409 3208 serior
427 3149 493 3194 accit
509 3149 539 3194 B.
575 3147 646 3204 (179)
664 3159 696 3192 =
719 3146 777 3194 316.
799 3148 831 3194 Ο.
851 3160 882 3193 =
904 3147 963 3196 347.
983 3145 1032 3196 Β.ι
1056 3147 1130 3208 (180)
1150 3159 1182 3193 =
1202 3147 1263 3197 338.
1287 3149 1320 3194 0.

330 3229 363 3262 ,τ
382 3215 441 3263 377.
460 3219 489 3264 Β.
543 3215 616 3276 (181)
637 3229 670 3262 .·.
686 3215 745 3266 309.
768 3218 800 3263 0.
832 3229 865 3263 =
898 3216 957 3264 310.
980 3221 1008 3266 Β.
1031 3231 1071 3267 co
1093 3232 1169 3280 quum
1184 3219 1322 3280 indignum

328 3299 409 3348 rogae
425 3287 477 3333 ΟΒ.
512 3304 517 3316 ·
549 3281 619 3344 (182)
642 3299 674 3332 =
697 3285 756 3333 324.
776 3287 808 3335 0..
839 3299 871 3333 =
900 3287 960 3336 359.
983 3292 1011 3335 Β.
1041 3299 1080 3336 mn
1103 3289 1246 3334 lnnrdlnm
1264 3290 1319 3335 OB.

328 3355 401 3414 (183)
423 3367 455 3403 =
478 3353 538 3404 326.
558 3358 589 3403 Ο.
611 3369 643 3402 =
664 3355 723 3404 361.
740 3360 770 3404 Β.
826 3356 899 3418 (181)
920 3371 952 3404 =
970 3355 1029 3406 325.
1049 3359 1081 3405 0.
1104 3371 1137 3404 =
1159 3352 1218 3406 359.
1235 3361 1264 3408 Β.
1282 3367 1323 3406 ω

328 3427 420 3473 desunt
434 3441 518 3486 pauca
537 3428 587 3474 OB.
625 3425 698 3487 (185)
723 3441 754 3474 =
775 3425 834 3476 329.
852 3429 887 3474 0.
906 3439 938 3474 =
960 3427 1019 3476 365.
1036 3429 1065 3474 B.
1111 3427 1182 3485 (186)
1203 3441 1236 3474 .·..
1256 3425 1321 3474 337.

329 3498 360 3542 0.
382 3509 414 3542 =
436 3495 496 3543 376.
519 3499 549 3544 Β.
568 3498 712 3546 691ηοί161
729 3500 829 3558 eulpam
843 3498 896 3545 ΟΒ.
933 3497 1004 3556 (187)
1025 3508 1057 3543 =
1079 3496 1139 3556 318.
1154 3500 1185 3545 0.
1205 3510 1237 3560 ἦ
1255 3497 1322 3544 386.

327 3571 357 3614 Β.
394 3565 466 3625 (188)
485 3578 517 3611 =
537 3565 597 3614 308.
617 3568 650 3614 Ο.
669 3579 701 3613 τ..-
724 3567 784 3616 339.
800 3571 830 3614 Β.
873 3567 947 3627 (189)
968 3581 1000 3614 ·.·.
1021 3566 1081 3614 823.
1102 3569 1133 3615 0.
1153 3579 1186 3613 =
1209 3566 1266 3614 970.
1291 3571 1321 3612 Β.

327 3649 366 3686 mo
382 3651 456 3683 rocos
475 3637 526 3682 OB.
570 3636 642 3694 (190)
666 3649 697 3684 =
718 3637 778 3686 297.
799 3639 831 3685 0.
856 3651 888 3685 =
911 3637 970 3686 329.
990 3642 1020 3686 Β.
1035 3647 1074 3686 oss
1085 3645 1178 3698 peccat
1192 3639 1267 3698 prior
1291 3639 1322 3683 B.

328 3709 400 3762 (191)
432 3719 463 3752 ε
492 3704 599 3756 3120.
635 3719 667 3753 =
695 3706 755 3755 311.
775 3709 804 3755 Β.
835 3719 874 3756 ms>
900 3709 1139 3756 omnibucmt'sere'r
1158 3709 1210 3755 OB.
1247 3707 1323 3764 (192)

331 3790 362 3823 ,τ
384 3775 443 3823 322.
470 3778 501 3822 0.
533 3789 564 3822 τ.
599 3775 656 3827 356.
678 3781 708 3824 B.
742 3800 772 3814 ·-
807 3778 837 3824 In
858 3779 948 3824 miseri
977 3781 1038 3826 sitin
1066 3781 1139 3824 nulla
1169 3779 1323 3824 contumelia

328 3855 366 3892 est
405 3847 437 3892 0.
486 3871 515 3880 -
561 3848 591 3892 In
623 3850 718 3893 misero
752 3849 802 3893 ritu
835 3855 874 3894 est
919 3851 995 3894 etium
1028 3849 1181 3894 contumelia
1215 3849 1244 3893 Β.
1295 3849 1322 3892 in

327 3918 388 3962 Cod.
412 3918 468 3962 Bes.
488 3933 527 3962 vv.
546 3920 697 3962 contuendis
712 3923 750 3963 ert
765 3919 843 3962 addita
859 3920 958 3964 suntab
977 3921 1024 3965 alin
1041 3933 1122 3964 mauu.
1195 3915 1267 3975 (193)
1287 3929 1320 3962 =

328 3985 388 4032 315.
403 3986 434 4034 0.
455 3997 488 4032 τ’.
508 3985 567 4032 971.
584 3989 614 4035 Β.
636 4009 666 4021 -··
688 3995 764 4044 porse
782 3989 914 4034 iniantcum
923 3988 987 4053 fieri
1005 3995 1031 4034 ut
1043 3996 1120 4048 puter
1139 3990 1171 4034 0.
1193 3997 1322 4046 copone
1396 4007 1397 4020 .

328 4062 355 4100 ut
361 4053 446 4116 facile
452 4055 518 4119 fleri
528 4055 594 4102 hunc
611 4057 741 4102 tauricum
756 4064 831 4116 putee
844 4061 872 4108 B.
911 4057 1146 4114 (191).·..335.0.
1171 4056 1320 4104 337213.
