2752 4718
71 437 285 504 Auctoritatis
307 458 376 520 esse
399 437 480 501 scito
504 437 628 522 gratia:

72 545 118 606 Ut
139 539 266 626 quidam
288 539 426 604 artifices
447 551 560 603 nostro
584 540 700 604 iaciunt
721 543 846 618 seculo,

73 641 137 723 Qui
158 641 294 724 pretinm
317 641 469 723 operibus
492 640 588 704 maius
610 642 792 719 inveniunt,
816 665 903 708 novo
1047 645 1066 706 5

73 745 109 808 si
130 745 282 808 marmori
303 741 538 826 adscripserunt
558 744 743 808 Praxitelen
765 767 843 822 suo,
983 729 987 734 ¹

72 847 233 923 'sDetrito
256 848 427 928 Myronem
451 857 599 930 argento.
643 847 783 910 Fabulae
805 847 985 914 exaudiant.

72 951 166 1014 Adeo
187 950 311 1014 fucatae
333 950 408 1031 plus
425 950 575 1012 vetustati
594 949 684 1012 lavet
971 943 978 959 '

72 1051 196 1116 Invidia
217 1055 351 1116 mordax
372 1073 464 1136 quam
486 1051 578 1116 honis
599 1052 831 1133 praesentibus.

75 1157 139 1218 Sed
158 1155 220 1218 iam
242 1157 282 1219 ad
301 1153 451 1218 fabellam
473 1154 544 1218 talis
566 1154 702 1237 exempli
723 1156 837 1220 feror:
1028 1157 1070 1218 10

491 1371 589 1432 [ran.
610 1373 651 1434 n]
703 1364 706 1369 '

91 1521 368 1600 parmenius
384 1521 482 1586 anx
503 1523 564 1584 un
586 1481 853 1586 mensurna
875 1504 1045 1589 rodun.

112 1661 314 1744 Demetrius,
338 1661 392 1744 qui
414 1660 513 1723 dictus
529 1671 583 1722 est
604 1661 802 1735 Phalereus,

70 1767 216 1831 Athenas
238 1763 409 1846 occupavit
429 1761 564 1845 imperio
586 1762 749 1844 improbo.

69 1871 116 1934 Ut
138 1889 208 1932 mos
229 1879 277 1931 est
297 1865 407 1951 vulgi,
431 1864 547 1948 passim
570 1877 601 1935 et
622 1865 765 1929 certatim
787 1865 869 1930 ruit:
946 1927 947 1934 ,

73 1969 299 2046 „Feliciterl”
322 1969 525 2032 succlamant.
570 1967 636 2050 Ipsi
658 1965 819 2052 principes

72 2074 165 2136 Illam
179 2072 388 2147 osculantur,
412 2091 473 2154 qna
497 2081 570 2132 sunt
592 2071 758 2154 oppressi,
783 2093 925 2150 manum,
1050 2073 1069 2137 5

73 2175 187 2238 Tacite
210 2185 370 2259 gementes
391 2173 512 2236 tristem
533 2173 681 2236 fortunae
705 2173 817 2239 ricem.

72 2277 159 2358 Quin
181 2277 273 2339 etiam
295 2275 467 2351 resideret
489 2288 658 2360 sequentes
682 2277 800 2355 otium,

70 2384 122 2444 Ne
144 2379 283 2444 doluisse
304 2391 436 2456 noceat,
460 2389 576 2461 repunt
596 2377 716 2441 ultimi:

68 2485 105 2548 In
128 2485 200 2566 quis
220 2483 415 2558 Menander,
439 2481 555 2545 nobilis
576 2481 772 2557 comoediis,

70 2586 158 2667 Quas
179 2585 282 2668 ipsum
304 2586 455 2668 ignorans
479 2585 603 2668 legerat
624 2583 805 2648 Demetrius
879 2591 882 2602 ’
1025 2585 1067 2648 10

71 2851 94 2888 ta
130 2842 202 2904 Quas
232 2841 354 2901 Aesopias
384 2843 407 2886 in
440 2855 492 2898 aeq.
529 2842 678 2895 versiculo,
700 2847 749 2884 lum
775 2855 846 2898 quarn
871 2855 913 2896 per
939 2843 1070 2889 versiculos

73 2913 147 2958 scribi
168 2914 273 2957 nondum
294 2913 384 2956 desitus
410 2917 475 2956 asset
494 2911 634 2965 Phaedrus,
654 2915 733 2954 ortum
754 2917 791 2955 est
808 2909 887 2971 Quasi
907 2924 950 2966 pro
969 2913 1071 2968 simplici

69 2983 106 3028 Si.
126 2979 185 3039 (13)
205 2979 280 3040 ilaue]
298 2995 322 3037 p.
343 2983 369 3025 S.
391 3001 420 3013 -
440 2993 488 3024 usu
507 2979 536 3024 P.
556 2980 588 3036 (F.
607 2981 636 3024 R.
656 2981 714 3024 nihil
731 2979 847 3035 notatur.)
864 2977 921 3038 (ll)
939 2979 1070 3042 Quartum]

70 3054 99 3098 Ρ.
128 3053 159 3096 lt.
189 3065 212 3107 p.
239 3053 265 3096 S.
296 3073 325 3083 -
354 3049 471 3110 Quintum
503 3049 584 3094 lla-sin.
612 3052 691 3096 Beati.
719 3071 747 3082 ·-
774 3049 886 3110 (luorum
904 3051 965 3095 Gud.
985 3053 1068 3096 Burm.

71 3122 156 3180 (ibid.)
175 3119 332 3178 damnaris]
351 3121 380 3164 u.
401 3121 461 3163 licut
479 3119 529 3172 P.,
549 3121 649 3174 leslibps
667 3121 768 3165 Pithoso
783 3125 806 3164 et
822 3121 941 3179 Bongars.
963 3142 992 3154 -
1012 3121 1071 3166 dum

72 3191 165 3237 Variae
183 3198 261 3235 teuten
282 3191 356 3236 edidit
372 3190 480 3246 Berger,
502 3191 569 3246 quasi
592 3191 624 3234 ila
643 3191 742 3234 haberet
763 3189 792 3233 P.
814 3211 843 3222 --
863 3197 890 3234 lu
905 3189 963 3234 dum
977 3189 1071 3234 Variae

70 3264 139 3310 uror.
161 3283 191 3306 -.-
211 3274 277 3304 nunc
299 3258 356 3317 (hoc
379 3273 432 3304 cum
455 3257 578 3316 Ursino.)
606 3258 698 3302 Variae
717 3259 778 3304 zen.
802 3263 885 3304 corna
906 3265 1017 3304 metrum.
1040 3282 1069 3294 -
1149 3265 1151 3278 '

70 3332 129 3377 dms
146 3331 231 3376 uarice
254 3343 279 3386 p.
303 3331 386 3374 Burin.
414 3349 443 3362 -
470 3341 538 3372 nnnc
564 3330 646 3372 sacius
671 3331 697 3374 S.
716 3337 755 3375 cto
772 3341 845 3387 queem
866 3333 963 3374 vacarit
991 3331 1070 3376 Bentl.

70 3399 122 3458 (15)
143 3421 173 3434 -
200 3399 356 3445 alstraeelare
380 3401 409 3444 P.
459 3395 512 3452 (18)
540 3395 696 3459 transfertis]
715 3413 738 3454 p.
764 3400 790 3444 S.
812 3419 840 3431 -··
861 3395 1022 3458 transferelis
1038 3399 1068 3446 Ρ.

69 3473 99 3515 u.
118 3470 176 3525 (non
188 3466 308 3528 seretis.)
343 3465 400 3524 (20)
419 3469 458 3512 Sic
477 3467 610 3522 Scioppius.
629 3469 730 3512 Deslritl.
750 3490 782 3505 ·-
800 3468 830 3514 In
847 3471 989 3512 litterarum
997 3471 1071 3526 plau·

69 3554 125 3588 eum
144 3541 182 3584 ire
200 3538 317 3584 desiduo
335 3539 365 3583 P.
388 3537 418 3582 R.
448 3549 473 3592 p.
505 3557 533 3568 ··-
554 3537 720 3582 Inlitteratum
743 3539 864 3596 plausum
885 3551 930 3583 nec
954 3537 1071 3583 desidero

67 3611 180 3656 Freinsh.
200 3611 226 3653 S.

118 3680 258 3724 Pronocns.
273 3677 366 3734 incipit
374 3676 438 3722 liber
448 3673 476 3720 V.
489 3677 631 3732 interposuit
642 3676 756 3722 Pithoeus
766 3677 882 3721 arbitratu
893 3689 951 3723 sna:
966 3679 1006 3722 sed
1019 3677 1070 3720 eius

68 3749 211 3796 senteutiam
229 3746 443 3794 confirrnavilCd.
465 3745 599 3792 lirinensis.
636 3747 697 3790 Vide
716 3733 739 3791 ih
758 3745 804 3792 fine
824 3749 893 3791 huius
916 3747 981 3793 libri.
1018 3745 1069 3804 „ln

66 3823 95 3865 P.
130 3833 177 3863 non
202 3820 355 3876 distinguitur
378 3818 415 3862 hic
434 3817 495 3860 liber
527 3832 541 3860 a
571 3817 696 3876 reliquis.”
722 3819 843 3862 Bonosus.
895 3815 933 3872 (2)
961 3811 1070 3874 reddidi]

67 3905 91 3947 p.
106 3891 134 3933 S.
157 3912 189 3922 -
207 3888 280 3934 reddi
297 3889 326 3935 P.
344 3887 373 3932 R.
394 3887 436 3942 (ν-
454 3883 570 3945 quidsuis
589 3885 647 3941 (sic)
665 3886 706 3939 P.)
742 3882 789 3947 (6)
806 3883 963 3942 Praxitelen]
982 3885 1010 3928 P.
1036 3883 1067 3928 R.

68 3975 93 4017 p,
112 3960 142 4004 S.
164 3969 194 4004 ε
214 3956 370 4004 Praxitelem
388 3957 451 4006 Zc'll.
499 3954 539 4014 (7)
563 3958 603 4002 Sic
625 3962 746 4013 corrupta·
764 3953 861 4014 (fabule
885 3953 931 4014 P.)
945 3955 975 4009 Ρ.
993 3954 1023 4000 R.
1043 3967 1067 4012 p.
