2846 4736
306 338 336 408 6,

304 493 411 570 (atque
434 485 603 566 Ulmensis)
626 507 643 548 a
668 477 841 550 Schwabio
865 486 911 548 t.
934 484 977 550 C.
1004 497 1148 549 accurate
1170 485 1292 562 editus3

304 589 397 650 ambo
413 597 515 650 tamen
534 587 666 650 maxima
687 609 755 652 cum
778 587 922 652 cautione
944 587 1144 652 consulendi:
1176 588 1295 672 quippe

304 689 358 772 qui
381 689 514 772 ligatum
535 690 672 753 Phaedri
694 711 870 754 sermonem
891 689 1068 767 solventes,
1093 690 1177 754 omni
1198 690 1295 753 inter·
1357 756 1359 760 ,
1387 675 1410 758 ,³

303 791 472 873 palationis
493 813 609 874 genere
624 793 770 856 consulto
791 791 859 866 usi,
883 813 1011 856 suorum
1028 793 1204 856 seculorum
1220 795 1294 856 bar·

303 891 403 956 bariei
425 894 477 956 vel
498 892 586 956 inviti
607 894 724 956 fuerint
739 878 890 958 obnoxii.

365 997 396 1058 Ι.
420 994 571 1058 Codiceni
592 997 800 1060 Pithocanum
828 997 1075 1073 accuratissime,
1099 997 1141 1060 ita
1163 1009 1198 1060 ut
1219 997 1295 1062 mihi

304 1098 430 1182 quidem
454 1097 647 1184 paucissimis
674 1098 752 1162 locis
785 1098 872 1162 dubii
904 1099 1021 1183 aliquid
1050 1099 1291 1178 remanseriut),

304 1222 405 1284 nuper
425 1200 519 1262 edidit
540 1201 682 1284 Berger:
1282 1279 1284 1287 X

364 1301 566 1376 Phaedri,
601 1305 695 1384 Aug.
727 1303 874 1377 Liberti,
902 1304 1107 1366 Fabularum
1129 1303 1294 1385 Aesopia-

303 1427 381 1468 rum
410 1405 515 1466 libros
541 1415 689 1487 quatuor
712 1427 759 1466 ex
783 1405 907 1468 Codice
930 1405 1012 1467 olim
1042 1405 1292 1482 Pithoeano,

260 1555 262 1558 -
302 1507 422 1570 deinde
441 1507 721 1582 Peleteriano,
748 1507 890 1568 nuncin
913 1507 1111 1599 bibliothece
1129 1508 1206 1574 Viri
1232 1525 1295 1569 ear-

303 1607 531 1672 cellentissimi
551 1629 591 1670 ac
619 1607 822 1671 nobilissimi
849 1611 949 1670 Lud.
978 1609 1221 1691 Lepeletier
1249 1611 1293 1672 dc

305 1712 522 1786 Rosanbo,
558 1710 800 1786 Marchionis,
826 1711 927 1774 Paris
949 1712 1132 1786 Franciae,
1155 1711 1294 1794 amplis-

201 1879 217 1888 „
302 1813 390 1876 simo
414 1813 556 1876 Senatui
577 1833 601 1873 a
630 1811 769 1874 seeretis
794 1823 879 1874 caet.
906 1824 992 1875 caet.
1016 1824 1178 1875 contextu
1202 1814 1294 1876 cocli-

300 1915 350 1976 cis
372 1935 460 1976 nnnc
482 1915 635 1996 primum
660 1913 793 1996 integre
816 1913 856 1975 in
881 1915 990 1976 lucem
1012 1911 1167 1996 protrito,
1197 1903 1291 1978 adie-

302 2029 423 2102 ctaque
451 2016 615 2078 varietate
634 2015 786 2078 lectionis
810 2038 828 2077 e
845 2017 958 2078 codice
975 2015 1150 2094 Remensi,
1184 2017 1297 2080 incen-

259 2115 261 2120 ’
303 2117 362 2180 dio
386 2130 606 2199 consumpto,
642 2138 666 2178 a
694 2119 797 2180 Dom.
834 2116 1011 2182 Vincentio
1044 2119 1126 2183 olim
1157 2131 1296 2182 enotata

302 2243 380 2282 cum
400 2218 671 2302 prolegomenis,
700 2219 940 2294 annotatione,
964 2221 1074 2282 indice
1097 2223 1207 2284 edidit
1232 2223 1295 2284 In-

302 2323 381 2384 lius
414 2323 572 2404 Berger
604 2323 647 2382 de
676 2321 850 2400 Xivrey.
907 2323 1069 2398 Parisiis,
1106 2325 1295 2387 excedebat

302 2425 506 2488 Ambrosius
524 2423 695 2488 Firminus
715 2424 835 2487 Didot.
860 2423 1141 2490 MDCCCXXX.
1165 2427 1197 2489 8.
1218 2447 1292 2510 pag.

303 2525 377 2588 266.
422 2525 681 2610 Elegantissimae
699 2525 791 2587 huius
814 2525 958 2590 editionis
974 2529 1096 2590 nonnisi
1117 2511 1292 2591 CCXXV.

303 2628 496 2708 exemplaria
518 2639 640 2690 exstant
664 2627 785 2710 singula
806 2650 865 2692 suo
887 2649 1017 2692 numero
1040 2617 1197 2713 insignita.

365 2721 462 2794 Haec
475 2742 577 2793 autem
590 2732 714 2814 Berger
728 2730 822 2794 tradit
835 2735 872 2794 de
886 2729 969 2795 Cod.
979 2731 1155 2814 Bithoeano
1171 2755 1204 2814 p.
1218 2734 1292 2797 ed:

359 2869 397 2924 Le
416 2869 602 2936 fac-simile,
630 2875 677 2942 qui
695 2879 737 2922 est
754 2876 816 2943 pris
833 2889 883 2921 sur
901 2871 930 2922 la
945 2871 1080 2942 premiere
1099 2873 1194 2924 mettid
1212 2874 1294 2925 dela

270 2987 272 2993 f
299 2979 375 3034 page
403 2970 453 3029 70,
489 2981 631 3034 prouvera
655 2983 713 3014 arax
738 2968 930 3014 connaisseurs
955 2983 1005 3041 qap
1029 2965 1054 3016 le
1080 2973 1234 3018 manuscrit
1261 2967 1294 3018 de

302 3055 430 3108 Ilcsanbo
449 3057 520 3107 n’est
546 3051 744 3108 certainement
760 3073 814 3126 pas
829 3057 892 3126 plus
911 3057 1005 3108 re'cent
1031 3076 1080 3128 que
1099 3059 1124 3110 le
1144 3060 1184 3110 X‘
1204 3045 1294 3113 sibcle.

302 3150 330 3200 lt
353 3159 395 3200 est
420 3157 480 3201 tout
505 3155 596 3201 entier
614 3147 694 3200 d'une
717 3149 874 3200 tres-telle
899 3157 1105 3206 conservation.
1142 3153 1294 3206 L'tcriture

282 3243 346 3294 'est
370 3243 404 3294 de
429 3243 458 3294 Ia
476 3245 541 3314 plus
561 3242 670 3312 grande
688 3242 861 3310 regularite‘5
893 3245 959 3294 c'est
977 3253 1049 3296 cette
1067 3247 1216 3297 minuscule
1240 3265 1294 3298 ar-

303 3335 400 3387 rondie
419 3336 456 3388 du
475 3337 515 3388 X·
534 3337 614 3388 sidcle
632 3353 682 3404 que
701 3336 741 3386 les
756 3335 945 3407 calligraphes
963 3336 996 3388 de
1007 3337 1139 3389 Florence
1152 3341 1294 3391 imitc’rent

301 3447 339 3480 au
358 3429 460 3498 XVI‘,
479 3435 552 3481 mais
570 3447 604 3480 en
624 3427 779 3482 diminuant
796 3429 826 3480 la
846 3429 999 3482 dimension
1017 3431 1062 3482 des
1080 3432 1192 3500 lettres,
1218 3441 1247 3485 et
1261 3452 1294 3485 en

302 3532 405 3574 ornant
423 3523 498 3574 leurs
516 3521 685 3591 majusculos
709 3521 743 3573 cle
756 3522 846 3591 solies
865 3525 1047 3596 arubesquen
1075 3519 1170 3577 tendis
1187 3545 1237 3596 que
1254 3527 1296 3578 les

303 3622 471 3668 manuscrits
489 3615 538 3666 des
556 3615 612 3666 IX‘
631 3623 661 3666 et
679 3616 720 3668 X·
737 3617 835 3668 sie’cles
852 3617 974 3670 n'ont=le
984 3619 1049 3691 plus
1061 3627 1178 3670 souveut
1190 3619 1295 3670 aucune

301 3747 1295 3782 ...m-h...-

352 3842 377 3904 *)
394 3843 502 3899 Exempli
527 3845 603 3902 gretia
625 3843 679 3888 Lib.
703 3842 727 3894 3.
756 3847 855 3905 Prolog.
881 3861 903 3891 r.
925 3845 966 3892 52.
992 3853 1070 3890 utrum
1089 3846 1149 3892 Ccd.
1168 3849 1233 3894 Pith.
1254 3851 1294 3892 lie-

300 3914 370 3960 beat:
389 3914 468 3971 potuit
484 3913 591 3968 sitim,
613 3919 637 3961 ut
655 3919 754 3960 testatur
771 3915 878 3974 Berger,
899 3929 943 3961 an:
959 3916 1042 3973 potuit
1057 3914 1104 3962 An.
1126 3917 1180 3963 Lib.
1202 3917 1231 3975 b,
1251 3916 1293 3973 25,

303 3983 327 4028 8.
346 3985 408 4028 feteo
426 3983 517 4028 videtur
535 3983 595 4029 eoa.
614 3984 678 4028 Pith.
698 3985 802 4030 tribuere
822 3991 849 4030 ut
864 3985 943 4030 risoris
961 3999 1005 4040 pro
1023 3986 1111 4031 morie.
