2816 4716
1050 356 1088 424 41

99 494 206 562 Citius
227 491 316 565 venit
337 493 506 578 periclum.
536 516 606 566 oum
634 494 884 577 contempnitur.
1050 495 1090 565 71
1142 575 1144 584 y

1 649 2 654 η
99 599 199 664 Casta
220 600 261 668 ad
283 597 388 662 virum
410 608 557 663 matrona
578 601 723 680 parendo
745 597 895 684 imperet.
997 673 1000 678 ,

31 773 37 786 ‚
100 703 179 771 Cito
199 701 378 793 ignominia
395 703 432 773 fit
452 700 583 786 superbi
606 700 726 787 gloria.

100 805 252 872 Consilio
275 805 387 870 melius
409 805 532 896 ¹vincas.
556 827 650 892 quam
667 805 846 880 iracundia.
915 833 942 862 ·.

101 909 217 980 Cuivis
241 908 351 980 dolori
375 909 550 980 remedium
570 921 618 974 est
639 909 806 993 patientia.

102 1011 233 1078 Cotidie
257 1016 460 1096 dampnatur.
483 1012 539 1099 qui
558 1015 810 1096 semper-timet.
1050 1020 1092 1082 80

102 1116 186 1181 Cum
210 1115 288 1180 vitia
311 1125 461 1206 prosunt.
483 1128 597 1199 peceat
619 1117 676 1204 qui
697 1130 785 1184 recte
807 1119 900 1189 facit.

100 1218 338 1308 Contumeliam
362 1242 422 1284 neo
442 1220 539 1287 fortis
559 1231 680 1304 potest.
704 1245 763 1290 uec
788 1221 945 1310 ingenuus
969 1223 1049 1307 pati.

102 1321 312 1389 Conscientia
334 1322 432 1390 animi
454 1324 555 1388 nullas
576 1324 701 1396 invenit
721 1325 849 1413 liuguae
872 1349 999 1412 preces.

103 1426 181 1492 Cito
202 1426 428 1511 improborum
449 1429 532 1492 laeta
552 1433 593 1493 ad
614 1429 789 1513 perniciem
813 1435 943 1504 cadunt.

104 1529 225 1600 Comes
242 1530 399 1598 facundus
419 1531 453 1600 in
473 1532 525 1600 via
541 1554 605 1618 pro
627 1533 778 1606 vehiculo
802 1547 864 1604 est.
1052 1535 1097 1602 tt
1147 1551 1150 1557 '

732 1645 784 1688 mu

101 1702 302 1790 Contempni
322 1715 370 1774 est
392 1705 524 1792 gravius
547 1729 643 1793 quam
664 1708 758 1774 stulte
783 1707 924 1792 percuti.

700 1818 764 1864 dies¹

1 1959 3 1963 μ
103 1877 235 1948 Cotidie
257 1890 305 1944 est
325 1878 480 1945 deterior.
503 1880 670 1964 posterior
688 1880 781 1946 fides.

104 1980 238 2048 Crimen
258 1979 533 2068 relinquimus.
554 1983 611 2070 qui
628 1997 766 2050 mortem
789 1985 924 2070 appetit.

102 2084 291 2168 Discipulos
312 2097 360 2150 est
380 2085 518 2168 prioris.
543 2088 709 2172 posterior
732 2088 812 2158 dies.

102 2188 301 2272 Dampnare.
326 2188 502 2274 obiurgare
525 2214 596 2254 cum
618 2191 740 2256 auxilio
764 2203 812 2258 est
834 2214 930 2277 opus.
1055 2194 1099 2264 90

103 2291 171 2358 Diu
192 2295 409 2377 adparaudum
425 2293 558 2364 bellum.
585 2305 621 2358 ut
644 2295 755 2362 vincas
777 2295 926 2362 celerius.

583 2417 636 2446 cum
656 2403 678 2446 in
697 2409 776 2448 rutum

102 2461 238 2536 Dixeris
253 2466 423 2532 maledicta
435 2477 561 2539 cuncta.
579 2489 651 2535 cum
668 2417 769 2550 ggratis
784 2467 947 2536 hominem
963 2467 1097 2538 dixeris.

103 2570 156 2636 De
174 2569 307 2636 inimico
327 2592 393 2636 nou
411 2567 558 2656 loquaris
579 2569 673 2633 male.
697 2571 754 2638 sed
781 2569 922 2656 cogites.

103 2672 297 2747 Deliberare
318 2673 421 2742 utilia.
444 2695 537 2746 mora
555 2684 603 2744 est
623 2671 792 2739 tutissima.

106 2925 153 2970 Sed
171 2930 319 2971 rectnmest
337 2921 454 2976 oddrunt.
500 2916 559 2985 (74)
581 2917 690 2975 7:153.
710 2921 742 2968 O.
765 2927 797 2971 ..τ
820 2918 877 2969 168.
898 2925 928 2969 Β.
982 2921 1040 2982 (75)
1065 2911 1098 2970 =

106 2991 168 3040 121.
188 2994 219 3040 o.
242 3005 274 3047 ,ε
294 2991 396 3040 11611.
433 2991 490 3050 (76)
507 3004 540 3046 =
555 2989 613 3038 111.
633 2993 712 3052 0·.=
732 2990 837 3042 11111.
874 2991 933 3050 (11)
948 3003 980 3045 :=
998 2991 1101 3040 1110.

108 3075 142 3110 =
163 3062 259 3114 tene.
297 3063 397 3123 (78);.·
411 3061 469 3110 132.
484 3063 559 3112 0.=
575 3060 635 3115 141,
648 3065 677 3109 Β.
715 3061 771 3122 (79)
784 3073 816 3108 =
830 3060 889 3110 179.
904 3063 934 3112 0.
949 3075 981 3110 =
998 3062 1057 3110 163.
1068 3065 1098 3109 B.

106 3131 162 3191 (89)
184 3145 217 3180 :¹⁸-
239 3131 298 3184 138.
319 3134 351 3180 O.
373 3146 405 3179 r:
428 3132 487 3180 149.
503 3135 533 3179 Β.
580 3131 634 3190 (81)
655 3130 764 3185 5154.
780 3132 811 3178 0.
833 3144 865 3178 =
888 3131 946 3180 169.
964 3135 994 3181 Β.
1041 3131 1102 3193 (89)

109 3215 146 3250 =
165 3202 224 3252 796.
244 3205 276 3250 O.
298 3215 330 3250 =
349 3201 408 3251 946.
428 3205 457 3248 Β.
486 3226 519 3238 ·-
549 3199 730 3250 Contumeliam
749 3217 794 3254 nec
813 3203 940 3264 ingenuus
957 3201 1034 3264 sert,
1054 3217 1100 3247 1111·

98 3272 183 3335 sortis
195 3270 268 3336 furit
284 3275 316 3328 0.
348 3299 382 3310 ·-
411 3271 592 3319 Contumeliam
618 3289 664 3321 uec
678 3270 761 3333 sortis
775 3269 850 3333 sert,
878 3287 956 3334 neque
975 3275 1102 3335 ingenuus

52 3373 57 3380 -
98 3341 172 3404 sarit
187 3345 218 3394 Β.
255 3341 312 3400 (83)
336 3355 368 3389 .·.“.
393 3339 452 3396 794.
473 3343 504 3391 0.
530 3353 561 3395 7:
589 3341 647 3390 944.
667 3345 696 3390 Β.
734 3342 961 3394 061.Β11.111·1η11
979 3344 1103 3403 egregium

106 3415 212 3460 Bentleii
229 3414 402 3462 coniecturum.
440 3411 496 3473 (84)
516 3423 548 3464 =
571 3410 674 3459 12110.
699 3425 732 3458 =
754 3409 812 3458 134.
832 3415 862 3458 Β.
909 3411 966 3472 (85)
987 3423 1019 3458 .·.·
1042 3410 1102 3458 197.

107 3484 140 3530 0.
160 3494 192 3536 ‚z
221 3481 279 3530 137.
302 3485 332 3530 Β.
370 3481 429 3542 (86)
453 3495 485 3528 =
507 3480 566 3528 134.
584 3483 615 3527 0.
638 3494 670 3528 ¹:
692 3479 751 3530 145.
774 3485 803 3534 Β.
830 3493 870 3530 ω
894 3480 1023 3534 Contemni
1039 3496 1103 3544 gru-

105 3556 163 3602 m'ur
180 3559 219 3600 ert
233 3555 373 3614 sapientius
392 3568 466 3614 quom
484 3554 586 3612 percuti
603 3553 635 3598 0.
666 3577 698 3588 -
723 3550 852 3599 Contemni
864 3555 971 3615 grauius
993 3553 1104 3610 rapienti

107 3629 185 3682 εει).
203 3638 232 3681 p.
296 3623 353 3680 (87)
372 3635 405 3668 =
426 3623 484 3670 139.
505 3623 536 3668 0.
562 3633 593 3667 =
620 3619 677 3670 15⁰.
700 3624 730 3667 Β.
792 3621 851 3681 (88)
875 3635 907 3668 =
933 3620 992 3668 140.
1014 3622 1045 3668 0.
1068 3633 1100 3666 =

109 3691 169 3740 152.
189 3695 218 3738 Β.
238 3717 271 3730 -·
289 3695 449 3754 mortemqut‘
471 3694 502 3739 0.
525 3692 585 3751 (uon
602 3689 648 3747 Β.)
683 3687 742 3752 (89)
764 3705 795 3737 =
818 3693 877 3742 171.
890 3693 920 3739 0.
942 3705 973 3738 =
995 3690 1054 3742 188.
1071 3693 1108 3741 B..

106 3761 165 3823 (90)
186 3773 218 3806 =
240 3761 297 3810 158.
316 3765 347 3810 0.
370 3775 401 3810 τ’.-
424 3763 483 3810 171.
502 3763 531 3808 Β.
551 3773 589 3812 ero
607 3763 737 3808 Damnare
759 3769 797 3810 rel
817 3763 867 3812 ott.
890 3764 941 3810 OB.
988 3760 1045 3820 (91)
1067 3773 1100 3814 =

107 3832 169 3879 177.
190 3833 221 3878 0.
243 3840 275 3878 ι’·-
298 3833 358 3882 199.
375 3837 405 3880 Β.
427 3839 466 3882 mn
486 3833 661 3893 apparandum
674 3839 712 3880 est
726 3832 778 3878 OB.
816 3828 876 3895 (99)
898 3843 929 3876 r:
952 3830 1009 3884 799.
1024 3832 1100 3880 Os

31 3925 34 3932 ⁴
108 3900 169 3951 950.
188 3905 217 3952 Β.
237 3906 424 3966 micgrutum
445 3917 519 3964 quum
540 3902 663 3948 hominem
682 3903 733 3948 OB.
787 3901 846 3959 (93)
867 3913 898 3948 =
925 3899 983 3946 163.
1011 3903 1042 3948 0.
1069 3895 1103 3945 ε’

9 4010 12 4016 ,
109 3971 169 4020 176.
187 3976 215 4020 Β.
236 3985 275 4022 mn
291 3989 322 4018 ne
342 3976 456 4036 loquaris
472 3974 524 4019 OB.
560 3971 618 4032 (94)
643 3985 674 4018 =
694 3971 753 4019 167.
773 3972 805 4018 0.
831 3983 862 4018 =
884 3969 942 4020 179.
963 3973 992 4021 Β.
1008 3981 1047 4020 Ν
1064 3977 1103 4017 tu·

107 4043 212 4092 tissima
232 4051 271 4090 set
292 4045 343 4091 ΟΒ.
