2846 4736
126 459 250 524 Arcem
271 467 422 541 tyrannus
444 467 580 542 occupat
601 456 800 524 Pisistratus.

127 563 236 643 Quum
258 560 380 624 tristem
397 562 585 628 'senututem
606 562 721 626 fleeent
743 561 861 636 Attici,

125 662 314 749 (Nonquia
336 663 470 728 crudelis
491 663 566 742 ille,
590 663 814 748 sedquoniam
837 683 935 748 grave

127 767 233 832 Omne
254 765 385 830 insuetis
407 771 503 846 onus)
524 779 556 832 et
576 767 756 850 coepissent
777 765 884 850 queri,
937 767 940 774 '

126 872 282 952 Aesopus
304 871 397 933 talem
418 880 483 934 tum
504 870 652 934 fabellam
674 869 809 935 rettulit.
859 919 861 924 .
907 871 910 878 “

169 975 280 1036 Ranae
302 984 455 1062 vagantes
476 973 584 1036 libetis
606 972 775 1054 paludibus

126 1071 281 1141 Clamore
303 1097 418 1160 magno
439 1096 548 1159 regem
569 1075 689 1158 petiere
711 1095 730 1137 a
750 1075 849 1152 Iove,

127 1178 193 1258 Qui
216 1178 386 1240 dissolutos
408 1197 513 1242 mones
535 1177 567 1242 ui
589 1190 816 1261 compesceret.

126 1281 228 1345 Patet·
249 1282 381 1343 deorum
403 1280 471 1344 risit
493 1293 588 1366 atque
609 1281 670 1344 illis
693 1281 777 1344 dedit

126 1367 270 1448 Pirvun
291 1381 445 1466 tigillum,
468 1383 596 1450 missum
618 1387 705 1468 quod
726 1382 832 1448 subito
854 1383 927 1446 uadi
1001 1371 1003 1378 ¹

125 1485 227 1549 Motu
248 1505 392 1569 sonoque
414 1486 528 1550 terruit
547 1487 697 1569 pauidum
719 1507 834 1572 genus.
868 1497 871 1505 '

125 1587 204 1652 Hoc
226 1608 360 1651 mersum
381 1587 459 1654 limo
481 1610 577 1674 quum
599 1589 716 1652 iaceret
737 1587 871 1662 diutius,

126 1691 230 1755 Forte
250 1711 311 1753 una
332 1691 426 1756 tacite
446 1675 572 1774 profect
593 1713 611 1754 e
632 1679 749 1776 stagno
770 1700 866 1773 caput

126 1793 171 1857 Et
193 1793 363 1875 explorato
384 1815 462 1879 aege
484 1795 612 1856 cunctas
634 1805 761 1860 evocat.

125 1895 207 1960 Illae
228 1895 342 1960 timore
363 1897 472 1979 posito
494 1896 637 1960 certatim
660 1899 807 1964 adnatant

126 1997 331 2083 Lignumque
350 2020 448 2083 supra
468 2001 561 2064 turba
583 2000 727 2083 petulans
746 1999 862 2064 insilita

127 2100 226 2181 Quod
247 2102 343 2186 quum
363 2101 578 2186 inquinassent
600 2101 685 2168 omui
707 2103 914 2180 contumelia,

126 2202 235 2266 Alium
256 2215 408 2288 rogantes
429 2203 539 2288 negem
560 2206 674 2270 misene
696 2207 736 2268 ad
756 2207 886 2281 Iovem3

126 2305 250 2380 lnutiiis
272 2307 524 2390 quoniamesset
544 2306 600 2392 qui
619 2307 723 2372 suerat
744 2311 848 2372 datus.

127 2411 211 2472 Tum
235 2409 319 2472 misit
338 2409 400 2472 illis
421 2411 576 2491 hydrum,
600 2410 655 2494 quui
676 2413 769 2474 dente
791 2431 905 2493 aspero

128 2508 304 2595 Corripere
326 2512 433 2594 coepit
453 2512 611 2596 singulas:
632 2513 751 2577 inustae
773 2535 879 2578 necem
1051 2555 1054 2562 ι
1083 2513 1123 2578 ts

125 2732 220 2778 maneti·
234 2745 334 2778 aonua:
360 2745 419 2790 quae
447 2733 518 2778 tectio
539 2734 563 2778 in
585 2732 662 2778 eoae.
680 2733 741 2778 Mas.
764 2737 864 2778 testante
892 2732 987 2786 (indic,
1017 2739 1123 2778 atcerte

126 2817 173 2848 non
192 2804 215 2847 in
244 2803 305 2847 Cod.
330 2801 525 2846 Rosauhoniano.
548 2803 642 2859 (Fuisse
669 2803 761 2846 uidetur
780 2803 803 2846 in
828 2803 897 2847 Renn.
926 2801 984 2857 On.)
1012 2803 1124 2848 Ceterum

126 2873 231 2928 perietis
249 2872 363 2916 momenti
385 2876 421 2916 est
441 2872 464 2915 in
485 2871 546 2916 Cod.
564 2873 632 2916 huius
651 2873 734 2916 aetatis
762 2871 883 2918 distinctio
900 2870 1011 2916 vocum?
1045 2873 1122 2915 Beue.

125 2939 213 2999 (ibid.)
231 2941 311 2996 „Coti
330 2942 433 2996 piimutu
451 2954 512 2988 onus
531 2953 564 2996 ες
586 2944 669 2988 deinde
696 2945 831 2986 consectum
849 2954 912 2988 onus
940 2947 978 2986 eat
994 2946 1035 2995 et,
1063 2943 1125 2986 tinea

126 3015 239 3068 imposita
265 3014 289 3056 in
312 3025 340 3065 e,
365 3016 391 3054 ut
411 3011 516 3056 librariis
537 3025 600 3056 tuos⁴
615 3017 670 3066 est,
700 3011 836 3068 adiectaque
858 3025 916 3056 voce
937 3017 968 3056 et.
1010 3011 1124 3056 Pithoeus

125 3082 215 3126 omittit
229 3086 276 3125 est.
313 3081 401 3124 'l'otum
420 3082 499 3124 locum
519 3081 551 3124 ita
569 3084 718 3127 emendatum
736 3095 750 3124 a
768 3081 904 3124 Burmanno
924 3083 1020 3136 (immo,
1053 3082 1124 3126 Hein-

126 3151 172 3195 sio.
198 3148 260 3208 On.)
278 3151 369 3205 recepit
387 3150 500 3194 Schwabe
521 3153 552 3195 V.
576 3151 615 3195 ct.
638 3161 677 3198 cuo
694 3150 809 3210 quoniam
827 3163 904 3210 grone
922 3149 1000 3194 Omne
1018 3150 1125 3195 iuaia'etie

126 3233 189 3266 ouue
202 3227 262 3264 etc.
276 3221 322 3278 q.'’
339 3221 417 3282 Beue.
454 3220 505 3267 Hoc
515 3235 559 3264 nos
572 3233 663 3278 quoque
679 3221 848 3275 praetulimus:
868 3220 910 3270 iao
928 3221 951 3264 in
973 3233 997 3264 v.
1017 3219 1125 3270 Omnino

126 3295 163 3336 est
188 3305 201 3334 e
225 3290 385 3348 geminatione
412 3289 458 3334 tiu.
483 3289 533 3334 ius.
571 3288 653 3343 (thid.)
680 3287 762 3348 queri]
792 3275 894 3344 ,Jerimo
924 3291 1017 3334 solutu:
1044 3301 1123 3348 quer-3
1183 3307 1188 3322 ι

123 3361 208 3404 deinde
236 3360 384 3404 connectione
408 3359 525 3403 adiectum
548 3359 583 3403 i.”
616 3359 693 3402 Beue.
737 3357 790 3414 (11)
814 3357 920 3417 petiere]
944 3359 1011 3414 ;‚P.:
1029 3366 1123 3418 petere.

124 3428 214 3474 Postea
233 3433 382 3473 correctum:
399 3429 521 3484 petiere.”
539 3429 615 3472 Bene.
653 3425 708 3484 (12)
726 3425 760 3486 oi]
778 3443 801 3484 p.
822 3429 848 3473 S.
868 3451 901 3462 ·-
920 3435 946 3472 nt
964 3429 994 3472 P.
1012 3429 1042 3473 R.
1065 3431 1124 3473 teste

125 3497 204 3543 Gudio
222 3511 278 3556 pag.
300 3496 342 3542 23.
388 3495 442 3556 (tt)
469 3496 537 3556 cudi]
557 3499 587 3542 P.
606 3497 637 3541 R.
653 3499 680 3541 S.
700 3521 732 3530 -—
751 3497 821 3544 vadia
839 3511 863 3553 p.
884 3499 945 3542 zeti.
972 3522 1005 3531 -
1028 3499 1076 3542 leui
1093 3498 1123 3542 Α.

124 3565 182 3626 (16)
200 3565 304 3628 iaceret]
322 3569 352 3612 P.
372 3567 402 3612 R.
421 3581 449 3623 p.
467 3592 499 3602 —
517 3569 626 3610 lateret:
655 3567 761 3620 „Metius
783 3565 897 3612 Schwabe
915 3568 950 3611 vis
970 3570 1124 3624 praestantis-

123 3637 226 3682 simus.”
242 3637 320 3685 Beue.
358 3637 384 3680 ln
403 3643 485 3681 nostra
502 3638 603 3682 lectione
624 3649 680 3680 sane
702 3650 874 3692 supervacanea
893 3639 938 3681 ista
961 3643 998 3682 est
1015 3639 1124 3682 emenda·

122 3708 168 3751 tio.
206 3707 292 3763 Utique
318 3709 435 3761 Anonytn.
456 3707 572 3752 Niiantii:
604 3703 705 3749 Merene
722 3707 782 3751 limo
801 3721 874 3766 quum
892 3708 999 3752 laterent
1011 3706 1124 3758 diutinam

122 3777 185 3821 unde
203 3777 299 3830 prodit:
327 3775 376 3820 Hic
394 3791 491 3820 mersae
515 3777 533 3821 l.
559 3791 583 3835 q.
603 3776 710 3820 laterent
725 3775 750 3820 d.
776 3779 813 3820 vel
835 3776 972 3820 Immensae
989 3781 1056 3832 cet.;
1081 3777 1125 3818 boc

122 3859 179 3891 eum
199 3846 277 3890 Benti.
315 3845 369 3902 (17)
399 3841 484 3904 tacite]
511 3847 612 3900 „Prima
639 3847 710 3890 lectio
736 3851 828 3900 tacete,
860 3848 1008 3891 correctione
1036 3845 1123 3888 factal*

121 3917 204 3960 nnnc.
253 3912 308 3972 (18)
338 3940 370 3950 -
400 3913 514 3976 edocent]
543 3916 574 3960 A.
621 3911 674 3970 (20)
704 3914 794 3974 supro]
823 3929 846 3970 p.
875 3917 900 3960 S.
933 3939 964 3950 -·
995 3927 1071 3972 suaper
1093 3914 1122 3957 P.
1213 3905 1215 3914 ¹

123 3982 179 4044 (26)
191 3981 301 4044 fugient
318 3997 343 4042 g.
379 3987 406 4030 in
424 3987 497 4043 Beug.
519 3985 564 4035 Eo.
584 3985 634 4030 sine
652 3987 700 4030 utta
715 3986 865 4030 annotatione
885 3981 1050 4046 est'sugitnnt
1067 3985 1123 4038 (sie-
