<?xml version="1.0" encoding="UTF-8"?>
<!DOCTYPE html PUBLIC "-//W3C//DTD XHTML 1.0 Transitional//EN"
    "http://www.w3.org/TR/xhtml1/DTD/xhtml1-transitional.dtd">
<html xmlns="http://www.w3.org/1999/xhtml" xml:lang="en" lang="en">
 <head>
  <title>
</title>
<meta http-equiv="Content-Type" content="text/html;charset=utf-8" />
  <meta name='ocr-system' content='tesseract 3.04.00' />
  <meta name='ocr-capabilities' content='ocr_page ocr_carea ocr_par ocr_line ocrx_word'/>
</head>
<body>
  <div class='ocr_page' id='page_1' title='image "./phaedriaugliber00phaegoog_0079.png"; bbox 0 0 2752 4718; ppageno 0'>
   <div class='ocr_carea' id='block_1_1' title="bbox 331 343 369 404">
    <p class='ocr_par' dir='ltr' id='par_1_1' title="bbox 331 343 369 404">
     <span class='ocr_line' id='line_1_1' title="bbox 331 343 369 404; baseline 0 0"><span class='ocrx_word' id='word_1_1' title='bbox 331 343 369 404; x_wconf 79' lang='lat' dir='ltr'>&#39;ll</span> 
     </span>
    </p>
   </div>
   <div class='ocr_carea' id='block_1_2' title="bbox 329 477 1307 1180">
    <p class='ocr_par' dir='ltr' id='par_1_2' title="bbox 329 477 1307 1180">
     <span class='ocr_line' id='line_1_2' title="bbox 330 477 1060 562; baseline -0.01 -15"><span class='ocrx_word' id='word_1_2' title='bbox 330 481 503 548; x_wconf 77' lang='lat' dir='ltr'>Concurrit</span> <span class='ocrx_word' id='word_1_3' title='bbox 524 479 675 562; x_wconf 68' lang='lat' dir='ltr'>populus.</span> <span class='ocrx_word' id='word_1_4' title='bbox 719 479 778 542; x_wconf 85' lang='lat' dir='ltr'>Ille</span> <span class='ocrx_word' id='word_1_5' title='bbox 799 499 833 541; x_wconf 91' lang='lat' dir='ltr'>se</span> <span class='ocrx_word' id='word_1_6' title='bbox 845 489 986 562; x_wconf 81' lang='lat' dir='ltr'>uorquet-</span> <span class='ocrx_word' id='word_1_7' title='bbox 1006 477 1060 540; x_wconf 87' lang='lat' dir='ltr'>diu</span> 
     </span>
     <span class='ocr_line' id='line_1_3' title="bbox 329 579 1089 667; baseline -0.009 -18"><span class='ocrx_word' id='word_1_8' title='bbox 329 587 400 649; x_wconf 90' lang='lat' dir='ltr'>Nee</span> <span class='ocrx_word' id='word_1_9' title='bbox 421 582 613 667; x_wconf 78' lang='lat' dir='ltr'>quaestionis</span> <span class='ocrx_word' id='word_1_10' title='bbox 634 581 756 664; x_wconf 75' lang='lat' dir='ltr'><strong>positae</strong></span> <span class='ocrx_word' id='word_1_11' title='bbox 778 601 902 644; x_wconf 78' lang='lat' dir='ltr'>corisum</span> <span class='ocrx_word' id='word_1_12' title='bbox 923 579 1089 664; x_wconf 81' lang='lat' dir='ltr'>intellegit.</span> 
     </span>
     <span class='ocr_line' id='line_1_4' title="bbox 330 683 1137 763; baseline -0.009 -12"><span class='ocrx_word' id='word_1_13' title='bbox 330 687 513 751; x_wconf 81' lang='lat' dir='ltr'>Novissime</span> <span class='ocrx_word' id='word_1_14' title='bbox 535 685 721 747; x_wconf 77' lang='lat' dir='ltr'><strong>succumbit.</strong></span> <span class='ocrx_word' id='word_1_15' title='bbox 766 687 849 746; x_wconf 85' lang='lat' dir='ltr'>Turn</span> <span class='ocrx_word' id='word_1_16' title='bbox 873 683 977 746; x_wconf 84' lang='lat' dir='ltr'>vietor</span> <span class='ocrx_word' id='word_1_17' title='bbox 999 684 1137 763; x_wconf 79' lang='lat' dir='ltr'>sophus:</span> 
     </span>
     <span class='ocr_line' id='line_1_5' title="bbox 331 784 1307 870; baseline -0.01 -16"><span class='ocrx_word' id='word_1_18' title='bbox 331 789 406 854; x_wconf 87' lang='lat' dir='ltr'>Cito</span> <span class='ocrx_word' id='word_1_19' title='bbox 429 809 555 870; x_wconf 85' lang='lat' dir='ltr'>rumpes</span> <span class='ocrx_word' id='word_1_20' title='bbox 577 809 702 862; x_wconf 84' lang='lat' dir='ltr'>arcum,</span> <span class='ocrx_word' id='word_1_21' title='bbox 723 807 853 868; x_wconf 86' lang='lat' dir='ltr'>semper</span> <span class='ocrx_word' id='word_1_22' title='bbox 872 785 899 848; x_wconf 85' lang='lat' dir='ltr'>si</span> <span class='ocrx_word' id='word_1_23' title='bbox 920 797 1040 847; x_wconf 84' lang='lat' dir='ltr'>tensum</span> <span class='ocrx_word' id='word_1_24' title='bbox 1061 784 1226 858; x_wconf 80' lang='lat' dir='ltr'>habiteris3</span> <span class='ocrx_word' id='word_1_25' title='bbox 1276 785 1307 845; x_wconf 86' lang='lat' dir='ltr'>lll</span> 
     </span>
     <span class='ocr_line' id='line_1_6' title="bbox 330 886 1105 973; baseline -0.01 -16"><span class='ocrx_word' id='word_1_26' title='bbox 330 893 376 958; x_wconf 79' lang='lat' dir='ltr'>At</span> <span class='ocrx_word' id='word_1_27' title='bbox 397 889 423 952; x_wconf 91' lang='lat' dir='ltr'>si</span> <span class='ocrx_word' id='word_1_28' title='bbox 444 891 581 966; x_wconf 85' lang='lat' dir='ltr'>laxaris,</span> <span class='ocrx_word' id='word_1_29' title='bbox 605 911 700 973; x_wconf 89' lang='lat' dir='ltr'>quum</span> <span class='ocrx_word' id='word_1_30' title='bbox 724 890 813 952; x_wconf 81' lang='lat' dir='ltr'>voles</span> <span class='ocrx_word' id='word_1_31' title='bbox 836 888 896 950; x_wconf 90' lang='lat' dir='ltr'>erit</span> <span class='ocrx_word' id='word_1_32' title='bbox 917 886 1014 950; x_wconf 87' lang='lat' dir='ltr'>utilis.</span> <span class='ocrx_word' id='word_1_33' title='bbox 1103 927 1105 932; x_wconf 68' lang='lat'>,</span> 
     </span>
     <span class='ocr_line' id='line_1_7' title="bbox 374 988 1080 1072; baseline -0.003 -16"><span class='ocrx_word' id='word_1_34' title='bbox 374 993 427 1056; x_wconf 88' lang='lat' dir='ltr'>Sic</span> <span class='ocrx_word' id='word_1_35' title='bbox 448 993 539 1056; x_wconf 87' lang='lat' dir='ltr'>ludus</span> <span class='ocrx_word' id='word_1_36' title='bbox 562 991 665 1055; x_wconf 85' lang='lat' dir='ltr'>auimo</span> <span class='ocrx_word' id='word_1_37' title='bbox 688 993 781 1054; x_wconf 84' lang='lat' dir='ltr'>debet</span> <span class='ocrx_word' id='word_1_38' title='bbox 803 989 977 1072; x_wconf 83' lang='lat' dir='ltr'>aliquando·</span> <span class='ocrx_word' id='word_1_39' title='bbox 992 988 1080 1067; x_wconf 81' lang='lat' dir='ltr'>dari,</span> 
     </span>
     <span class='ocr_line' id='line_1_8' title="bbox 332 1090 1019 1180; baseline -0.009 -18"><span class='ocrx_word' id='word_1_40' title='bbox 332 1097 386 1162; x_wconf 88' lang='lat' dir='ltr'>Ad</span> <span class='ocrx_word' id='word_1_41' title='bbox 407 1095 608 1180; x_wconf 81' lang='lat' dir='ltr'>cogitandum</span> <span class='ocrx_word' id='word_1_42' title='bbox 630 1093 743 1159; x_wconf 85' lang='lat' dir='ltr'>melior</span> <span class='ocrx_word' id='word_1_43' title='bbox 764 1105 799 1156; x_wconf 88' lang='lat' dir='ltr'>ut</span> <span class='ocrx_word' id='word_1_44' title='bbox 819 1094 927 1156; x_wconf 79' lang='lat' dir='ltr'>redeat</span> <span class='ocrx_word' id='word_1_45' title='bbox 948 1090 1019 1156; x_wconf 88' lang='lat' dir='ltr'>tihi.</span> 
     </span>
    </p>
   </div>
   <div class='ocr_carea' id='block_1_3' title="bbox 724 1311 920 1374">
    <p class='ocr_par' dir='ltr' id='par_1_3' title="bbox 724 1311 920 1374">
     <span class='ocr_line' id='line_1_9' title="bbox 724 1311 920 1374; baseline -0.005 -14"><span class='ocrx_word' id='word_1_46' title='bbox 724 1312 822 1374; x_wconf 73' lang='lat' dir='ltr'>[unu.</span> <span class='ocrx_word' id='word_1_47' title='bbox 841 1311 920 1372; x_wconf 70' lang='grc' dir='ltr'>ιιι]</span> 
     </span>
    </p>
   </div>
   <div class='ocr_carea' id='block_1_4' title="bbox 608 1433 1133 1550">
    <p class='ocr_par' dir='ltr' id='par_1_4' title="bbox 608 1433 1133 1550">
     <span class='ocr_line' id='line_1_10' title="bbox 608 1433 1133 1550; baseline -0.008 -30"><span class='ocrx_word' id='word_1_48' title='bbox 608 1433 838 1544; x_wconf 79' lang='lat' dir='ltr'>onu1sn1t</span> <span class='ocrx_word' id='word_1_49' title='bbox 860 1451 1044 1550; x_wconf 63' lang='lat' dir='ltr'>nonunt.</span> <span class='ocrx_word' id='word_1_50' title='bbox 1130 1455 1133 1463; x_wconf 47' lang='lat'><em>¹</em></span> 
     </span>
    </p>
   </div>
   <div class='ocr_carea' id='block_1_5' title="bbox 326 1589 1317 2707">
    <p class='ocr_par' dir='ltr' id='par_1_5' title="bbox 326 1589 1317 2707">
     <span class='ocr_line' id='line_1_11' title="bbox 374 1589 1020 1680; baseline -0.006 -20"><span class='ocrx_word' id='word_1_51' title='bbox 374 1597 463 1661; x_wconf 82' lang='lat' dir='ltr'><strong>Inter</strong></span> <span class='ocrx_word' id='word_1_52' title='bbox 485 1595 620 1678; x_wconf 83' lang='lat' dir='ltr'>capellas</span> <span class='ocrx_word' id='word_1_53' title='bbox 642 1615 726 1680; x_wconf 85' lang='lat' dir='ltr'>agno</span> <span class='ocrx_word' id='word_1_54' title='bbox 748 1589 868 1658; x_wconf 78' lang='lat' dir='ltr'>balanti</span> <span class='ocrx_word' id='word_1_55' title='bbox 889 1591 992 1656; x_wconf 84' lang='lat' dir='ltr'>esuis:</span> <span class='ocrx_word' id='word_1_56' title='bbox 1019 1637 1020 1640; x_wconf 19' lang='grc' dir='ltr'><strong>κ</strong></span> 
     </span>
     <span class='ocr_line' id='line_1_12' title="bbox 334 1697 1178 1782; baseline -0.001 -19"><span class='ocrx_word' id='word_1_57' title='bbox 334 1702 455 1775; x_wconf 82' lang='lat' dir='ltr'>Stulte,</span> <span class='ocrx_word' id='word_1_58' title='bbox 479 1698 597 1782; x_wconf 88' lang='lat' dir='ltr'>inquit,</span> <span class='ocrx_word' id='word_1_59' title='bbox 623 1720 730 1771; x_wconf 82' lang='lat' dir='ltr'>erras3</span> <span class='ocrx_word' id='word_1_60' title='bbox 752 1717 818 1760; x_wconf 90' lang='lat' dir='ltr'>non</span> <span class='ocrx_word' id='word_1_61' title='bbox 842 1708 889 1760; x_wconf 88' lang='lat' dir='ltr'>est</span> <span class='ocrx_word' id='word_1_62' title='bbox 910 1697 963 1758; x_wconf 87' lang='lat' dir='ltr'>hle</span> <span class='ocrx_word' id='word_1_63' title='bbox 983 1706 1083 1779; x_wconf 83' lang='lat' dir='ltr'>mater</span> <span class='ocrx_word' id='word_1_64' title='bbox 1105 1707 1178 1773; x_wconf 73' lang='lat' dir='ltr'>tua3</span> 
     </span>
     <span class='ocr_line' id='line_1_13' title="bbox 337 1798 998 1886; baseline -0.014 -18"><span class='ocrx_word' id='word_1_65' title='bbox 337 1805 488 1884; x_wconf 78' lang='lat' dir='ltr'><strong>Ovesque</strong></span> <span class='ocrx_word' id='word_1_66' title='bbox 509 1812 693 1886; x_wconf 82' lang='lat' dir='ltr'>segregatas</span> <span class='ocrx_word' id='word_1_67' title='bbox 715 1800 853 1870; x_wconf 78' lang='lat' dir='ltr'>ostendit</span> <span class='ocrx_word' id='word_1_68' title='bbox 872 1798 998 1882; x_wconf 85' lang='lat' dir='ltr'>procul.</span> 
     </span>
     <span class='ocr_line' id='line_1_14' title="bbox 334 1901 1312 1986; baseline -0.003 -19"><span class='ocrx_word' id='word_1_69' title='bbox 334 1907 409 1968; x_wconf 90' lang='lat' dir='ltr'>Non</span> <span class='ocrx_word' id='word_1_70' title='bbox 430 1905 514 1966; x_wconf 83' lang='lat' dir='ltr'>illam</span> <span class='ocrx_word' id='word_1_71' title='bbox 536 1925 674 1986; x_wconf 83' lang='lat' dir='ltr'>quaero,</span> <span class='ocrx_word' id='word_1_72' title='bbox 700 1923 800 1986; x_wconf 83' lang='lat' dir='ltr'>quae,</span> <span class='ocrx_word' id='word_1_73' title='bbox 823 1925 918 1985; x_wconf 86' lang='lat' dir='ltr'>quum</span> <span class='ocrx_word' id='word_1_74' title='bbox 941 1901 1061 1966; x_wconf 86' lang='lat' dir='ltr'>libitum</span> <span class='ocrx_word' id='word_1_75' title='bbox 1083 1912 1150 1978; x_wconf 83' lang='lat' dir='ltr'>est,</span> <span class='ocrx_word' id='word_1_76' title='bbox 1173 1901 1312 1986; x_wconf 83' lang='lat' dir='ltr'>concipit,</span> 
     </span>
     <span class='ocr_line' id='line_1_15' title="bbox 334 1999 1312 2088; baseline -0.003 -19"><span class='ocrx_word' id='word_1_77' title='bbox 334 2005 417 2070; x_wconf 87' lang='lat' dir='ltr'>Dein</span> <span class='ocrx_word' id='word_1_78' title='bbox 440 2016 549 2086; x_wconf 85' lang='lat' dir='ltr'>portat</span> <span class='ocrx_word' id='word_1_79' title='bbox 569 2026 650 2068; x_wconf 89' lang='lat' dir='ltr'>onus</span> <span class='ocrx_word' id='word_1_80' title='bbox 671 2003 814 2088; x_wconf 84' lang='lat' dir='ltr'>ignotum</span> <span class='ocrx_word' id='word_1_81' title='bbox 836 2004 932 2068; x_wconf 84' lang='lat' dir='ltr'>certis</span> <span class='ocrx_word' id='word_1_82' title='bbox 949 2005 1129 2082; x_wconf 81' lang='lat' dir='ltr'>mensibus,</span> <span class='ocrx_word' id='word_1_83' title='bbox 1206 1999 1219 2088; x_wconf 38' lang='lat'>,¹</span> <span class='ocrx_word' id='word_1_84' title='bbox 1298 2005 1312 2066; x_wconf 81' lang='lat'><strong>5</strong></span> 
     </span>
     <span class='ocr_line' id='line_1_16' title="bbox 334 2107 1090 2190; baseline -0.004 -17"><span class='ocrx_word' id='word_1_85' title='bbox 334 2107 518 2190; x_wconf 82' lang='lat' dir='ltr'>Novissime</span> <span class='ocrx_word' id='word_1_86' title='bbox 539 2109 720 2189; x_wconf 81' lang='lat' dir='ltr'>prolapsam</span> <span class='ocrx_word' id='word_1_87' title='bbox 744 2107 876 2170; x_wconf 82' lang='lat' dir='ltr'>effundit</span> <span class='ocrx_word' id='word_1_88' title='bbox 896 2107 1090 2182; x_wconf 61' lang='lat' dir='ltr'>soreinuuu⁴</span> 
     </span>
     <span class='ocr_line' id='line_1_17' title="bbox 326 2209 1145 2292; baseline -0.002 -18"><span class='ocrx_word' id='word_1_89' title='bbox 326 2213 458 2274; x_wconf 86' lang='lat' dir='ltr'>&#39;Verum</span> <span class='ocrx_word' id='word_1_90' title='bbox 481 2209 581 2286; x_wconf 86' lang='lat' dir='ltr'>illam,</span> <span class='ocrx_word' id='word_1_91' title='bbox 603 2231 684 2292; x_wconf 89' lang='lat' dir='ltr'>quae</span> <span class='ocrx_word' id='word_1_92' title='bbox 708 2231 756 2271; x_wconf 82' lang='lat' dir='ltr'>rue</span> <span class='ocrx_word' id='word_1_93' title='bbox 777 2209 875 2272; x_wconf 78' lang='lat' dir='ltr'>nuttrit</span> <span class='ocrx_word' id='word_1_94' title='bbox 897 2214 1024 2274; x_wconf 79' lang='lat' dir='ltr'>admoto</span> <span class='ocrx_word' id='word_1_95' title='bbox 1046 2211 1145 2273; x_wconf 85' lang='lat' dir='ltr'>ubere</span> 
     </span>
     <span class='ocr_line' id='line_1_18' title="bbox 335 2311 1045 2397; baseline -0.004 -20"><span class='ocrx_word' id='word_1_96' title='bbox 335 2315 537 2397; x_wconf 79' lang='lat' dir='ltr'>Fraudatque</span> <span class='ocrx_word' id='word_1_97' title='bbox 558 2324 650 2376; x_wconf 86' lang='lat' dir='ltr'>natos</span> <span class='ocrx_word' id='word_1_98' title='bbox 671 2313 770 2388; x_wconf 88' lang='lat' dir='ltr'>lacte,</span> <span class='ocrx_word' id='word_1_99' title='bbox 796 2333 835 2375; x_wconf 92' lang='lat' dir='ltr'>ne</span> <span class='ocrx_word' id='word_1_100' title='bbox 858 2311 936 2375; x_wconf 87' lang='lat' dir='ltr'>desit</span> <span class='ocrx_word' id='word_1_101' title='bbox 958 2312 1045 2390; x_wconf 84' lang='lat' dir='ltr'>mihi.</span> 
     </span>
     <span class='ocr_line' id='line_1_19' title="bbox 337 2409 1315 2498; baseline -0.005 -18"><span class='ocrx_word' id='word_1_102' title='bbox 337 2419 458 2480; x_wconf 86' lang='lat' dir='ltr'>Tamen</span> <span class='ocrx_word' id='word_1_103' title='bbox 480 2415 533 2478; x_wconf 80' lang='lat' dir='ltr'>illa</span> <span class='ocrx_word' id='word_1_104' title='bbox 554 2427 602 2480; x_wconf 84' lang='lat' dir='ltr'>est</span> <span class='ocrx_word' id='word_1_105' title='bbox 622 2415 852 2498; x_wconf 83' lang='lat' dir='ltr'>potior,¹quac</span> <span class='ocrx_word' id='word_1_106' title='bbox 874 2426 905 2478; x_wconf 88' lang='lat' dir='ltr'>te</span> <span class='ocrx_word' id='word_1_107' title='bbox 926 2409 1062 2498; x_wconf 79' lang='lat' dir='ltr'>peperit.</span> <span class='ocrx_word' id='word_1_108' title='bbox 1106 2415 1181 2481; x_wconf 89' lang='lat' dir='ltr'>Non</span> <span class='ocrx_word' id='word_1_109' title='bbox 1203 2417 1246 2482; x_wconf 80' lang='lat' dir='ltr'>ita</span> <span class='ocrx_word' id='word_1_110' title='bbox 1264 2427 1315 2480; x_wconf 89' lang='lat' dir='ltr'>est.</span> 
     </span>
     <span class='ocr_line' id='line_1_20' title="bbox 336 2517 1317 2603; baseline -0.005 -19"><span class='ocrx_word' id='word_1_111' title='bbox 336 2521 427 2584; x_wconf 90' lang='lat' dir='ltr'>Unde</span> <span class='ocrx_word' id='word_1_112' title='bbox 450 2518 501 2582; x_wconf 85' lang='lat' dir='ltr'>ille</span> <span class='ocrx_word' id='word_1_113' title='bbox 523 2518 633 2594; x_wconf 88' lang='lat' dir='ltr'>scivit,</span> <span class='ocrx_word' id='word_1_114' title='bbox 658 2519 749 2603; x_wconf 84' lang='lat' dir='ltr'>niger</span> <span class='ocrx_word' id='word_1_115' title='bbox 771 2539 809 2580; x_wconf 88' lang='lat' dir='ltr'>an</span> <span class='ocrx_word' id='word_1_116' title='bbox 832 2519 920 2582; x_wconf 84' lang='lat' dir='ltr'>albus</span> <span class='ocrx_word' id='word_1_117' title='bbox 942 2517 1112 2582; x_wconf 80' lang='lat' dir='ltr'>nascerer?</span> <span class='ocrx_word' id='word_1_118' title='bbox 1284 2521 1317 2581; x_wconf 84' lang='grc'>10</span> 
     </span>
     <span class='ocr_line' id='line_1_21' title="bbox 336 2621 1094 2707; baseline -0.004 -21"><span class='ocrx_word' id='word_1_119' title='bbox 336 2623 409 2707; x_wconf 82' lang='lat' dir='ltr'>Age</span> <span class='ocrx_word' id='word_1_120' title='bbox 430 2643 550 2706; x_wconf 82' lang='lat' dir='ltr'>porr03</span> <span class='ocrx_word' id='word_1_121' title='bbox 573 2643 685 2705; x_wconf 77' lang='lat' dir='ltr'>parere</span> <span class='ocrx_word' id='word_1_122' title='bbox 707 2621 734 2684; x_wconf 88' lang='lat' dir='ltr'>si</span> <span class='ocrx_word' id='word_1_123' title='bbox 756 2621 910 2685; x_wconf 86' lang='lat' dir='ltr'>voluisset</span> <span class='ocrx_word' id='word_1_124' title='bbox 930 2621 1094 2698; x_wconf 86' lang='lat' dir='ltr'>feminam,</span> 
     </span>
    </p>
   </div>
   <div class='ocr_carea' id='block_1_6' title="bbox 336 2820 1319 3091">
    <p class='ocr_par' dir='ltr' id='par_1_6' title="bbox 336 2820 1319 3091">
     <span class='ocr_line' id='line_1_22' title="bbox 390 2820 1316 2884; baseline -0.001 -15"><span class='ocrx_word' id='word_1_125' title='bbox 390 2825 446 2870; x_wconf 78' lang='lat' dir='ltr'>l&#39;ntr</span> <span class='ocrx_word' id='word_1_126' title='bbox 468 2825 537 2870; x_wconf 80' lang='lat' dir='ltr'>xlv.</span> <span class='ocrx_word' id='word_1_127' title='bbox 575 2821 612 2881; x_wconf 81' lang='grc'>(3)</span> <span class='ocrx_word' id='word_1_128' title='bbox 639 2820 757 2884; x_wconf 80' lang='lat' dir='ltr'>delirum]</span> <span class='ocrx_word' id='word_1_129' title='bbox 786 2822 817 2868; x_wconf 93' lang='lat' dir='ltr'>N.</span> <span class='ocrx_word' id='word_1_130' title='bbox 841 2836 866 2878; x_wconf 88' lang='lat' dir='ltr'>p.</span> <span class='ocrx_word' id='word_1_131' title='bbox 886 2824 913 2868; x_wconf 89' lang='lat' dir='ltr'>S.</span> <span class='ocrx_word' id='word_1_132' title='bbox 934 2844 962 2884; x_wconf 39' lang='grc'>,-</span> <span class='ocrx_word' id='word_1_133' title='bbox 983 2821 1093 2868; x_wconf 74' lang='lat' dir='ltr'>delerem</span> <span class='ocrx_word' id='word_1_134' title='bbox 1110 2823 1139 2869; x_wconf 88' lang='lat' dir='ltr'>P.</span> <span class='ocrx_word' id='word_1_135' title='bbox 1155 2825 1186 2869; x_wconf 83' lang='lat' dir='ltr'>R.</span> <span class='ocrx_word' id='word_1_136' title='bbox 1231 2822 1270 2883; x_wconf 86' lang='grc'>(1)</span> <span class='ocrx_word' id='word_1_137' title='bbox 1293 2843 1316 2854; x_wconf 94' lang='grc'>-</span> 
     </span>
     <span class='ocr_line' id='line_1_23' title="bbox 337 2891 1319 2952; baseline -0.006 -12"><span class='ocrx_word' id='word_1_138' title='bbox 337 2893 368 2940; x_wconf 84' lang='lat' dir='ltr'>Ut</span> <span class='ocrx_word' id='word_1_139' title='bbox 381 2893 520 2940; x_wconf 75' lang='lat' dir='ltr'>derisorem</span> <span class='ocrx_word' id='word_1_140' title='bbox 533 2895 617 2952; x_wconf 77' lang='lat' dir='ltr'>potius</span> <span class='ocrx_word' id='word_1_141' title='bbox 640 2893 771 2938; x_wconf 77' lang='lat' dir='ltr'>ridendum</span> <span class='ocrx_word' id='word_1_142' title='bbox 791 2892 932 2938; x_wconf 70' lang='lat' dir='ltr'>ostenderet</span> <span class='ocrx_word' id='word_1_143' title='bbox 949 2891 979 2937; x_wconf 90' lang='lat' dir='ltr'>N.</span> <span class='ocrx_word' id='word_1_144' title='bbox 1000 2893 1030 2950; x_wconf 81' lang='grc' dir='ltr'>(Α</span> <span class='ocrx_word' id='word_1_145' title='bbox 1050 2907 1087 2948; x_wconf 88' lang='lat' dir='ltr'>pr.</span> <span class='ocrx_word' id='word_1_146' title='bbox 1106 2901 1176 2938; x_wconf 76' lang='lat' dir='ltr'>menn</span> <span class='ocrx_word' id='word_1_147' title='bbox 1194 2893 1242 2940; x_wconf 86' lang='lat' dir='ltr'>N.:</span> <span class='ocrx_word' id='word_1_148' title='bbox 1261 2891 1319 2937; x_wconf 54' lang='grc' dir='ltr'>ἄεν(</span> 
     </span>
     <span class='ocr_line' id='line_1_24' title="bbox 336 2959 1318 3024; baseline -0.003 -16"><span class='ocrx_word' id='word_1_149' title='bbox 336 2963 464 3021; x_wconf 76' lang='lat' dir='ltr'>derectum.)</span> <span class='ocrx_word' id='word_1_150' title='bbox 509 2961 544 3020; x_wconf 86' lang='grc'>(8)</span> <span class='ocrx_word' id='word_1_151' title='bbox 574 2985 603 2999; x_wconf 89' lang='grc'>-·</span> <span class='ocrx_word' id='word_1_152' title='bbox 631 2963 714 3020; x_wconf 67' lang='lat' dir='ltr'>postne</span> <span class='ocrx_word' id='word_1_153' title='bbox 741 2959 804 3008; x_wconf 63' lang='lat' dir='ltr'>cum&#39;</span> <span class='ocrx_word' id='word_1_154' title='bbox 821 2963 909 3024; x_wconf 67' lang='lat' dir='ltr'>lineola</span> <span class='ocrx_word' id='word_1_155' title='bbox 935 2962 966 3008; x_wconf 91' lang='lat' dir='ltr'>N.</span> <span class='ocrx_word' id='word_1_156' title='bbox 1014 2961 1050 3018; x_wconf 80' lang='grc'>(9)</span> <span class='ocrx_word' id='word_1_157' title='bbox 1076 2983 1105 2998; x_wconf 88' lang='lat'>····</span> <span class='ocrx_word' id='word_1_158' title='bbox 1131 2961 1275 3010; x_wconf 76' lang='lat' dir='ltr'>Nort&#39;eseme</span> <span class='ocrx_word' id='word_1_159' title='bbox 1293 2961 1318 3006; x_wconf 81' lang='lat' dir='ltr'>ll.</span> 
     </span>
     <span class='ocr_line' id='line_1_25' title="bbox 337 3031 1319 3091; baseline -0.005 -14"><span class='ocrx_word' id='word_1_160' title='bbox 337 3033 420 3090; x_wconf 88' lang='lat' dir='ltr'>(lbid.)</span> <span class='ocrx_word' id='word_1_161' title='bbox 447 3034 524 3080; x_wconf 77' lang='lat' dir='ltr'>vietor</span> <span class='ocrx_word' id='word_1_162' title='bbox 544 3031 646 3090; x_wconf 76' lang='lat' dir='ltr'>sophus]</span> <span class='ocrx_word' id='word_1_163' title='bbox 669 3034 787 3091; x_wconf 78' lang='lat' dir='ltr'>Bongars.</span> <span class='ocrx_word' id='word_1_164' title='bbox 805 3035 829 3078; x_wconf 89' lang='lat' dir='ltr'>in</span> <span class='ocrx_word' id='word_1_165' title='bbox 848 3033 949 3088; x_wconf 82' lang='lat' dir='ltr'>exempl.</span> <span class='ocrx_word' id='word_1_166' title='bbox 972 3033 1045 3077; x_wconf 88' lang='lat' dir='ltr'>Bern.</span> <span class='ocrx_word' id='word_1_167' title='bbox 1088 3033 1167 3078; x_wconf 81' lang='lat' dir='ltr'>Etiam</span> <span class='ocrx_word' id='word_1_168' title='bbox 1187 3035 1319 3078; x_wconf 72' lang='lat' dir='ltr'>Franciseus</span> 
     </span>
    </p>
   </div>
   <div class='ocr_carea' id='block_1_7' title="bbox 249 3101 1319 3161">
    <p class='ocr_par' dir='ltr' id='par_1_7' title="bbox 249 3101 1319 3161">
     <span class='ocr_line' id='line_1_26' title="bbox 249 3101 1319 3161; baseline -0.004 -14"><span class='ocrx_word' id='word_1_169' title='bbox 249 3107 252 3115; x_wconf 92' lang='lat'>&#39;</span> <span class='ocrx_word' id='word_1_170' title='bbox 336 3104 465 3156; x_wconf 82' lang='lat' dir='ltr'>Pithoeus,</span> <span class='ocrx_word' id='word_1_171' title='bbox 492 3107 552 3147; x_wconf 86' lang='lat' dir='ltr'>teste</span> <span class='ocrx_word' id='word_1_172' title='bbox 571 3102 659 3146; x_wconf 87' lang='lat' dir='ltr'>Zellio.</span> <span class='ocrx_word' id='word_1_173' title='bbox 680 3103 706 3150; x_wconf 72' lang='lat' dir='ltr'>S.</span> <span class='ocrx_word' id='word_1_174' title='bbox 726 3107 759 3135; x_wconf 85' lang='lat'>—&#39;</span> <span class='ocrx_word' id='word_1_175' title='bbox 777 3101 853 3149; x_wconf 75' lang='lat' dir='ltr'>victor</span> <span class='ocrx_word' id='word_1_176' title='bbox 879 3101 991 3160; x_wconf 80' lang='lat' dir='ltr'>Aesopus</span> <span class='ocrx_word' id='word_1_177' title='bbox 1018 3103 1048 3146; x_wconf 91' lang='lat' dir='ltr'>P.</span> <span class='ocrx_word' id='word_1_178' title='bbox 1074 3103 1103 3147; x_wconf 79' lang='lat' dir='ltr'>tt.</span> <span class='ocrx_word' id='word_1_179' title='bbox 1129 3117 1152 3158; x_wconf 88' lang='lat' dir='ltr'>p.</span> <span class='ocrx_word' id='word_1_180' title='bbox 1170 3101 1269 3161; x_wconf 78' lang='lat' dir='ltr'>(Peleus</span> <span class='ocrx_word' id='word_1_181' title='bbox 1285 3101 1319 3144; x_wconf 82' lang='lat' dir='ltr'>Pi-</span> 
     </span>
    </p>
   </div>
   <div class='ocr_carea' id='block_1_8' title="bbox 333 3169 1327 4076">
    <p class='ocr_par' dir='ltr' id='par_1_8' title="bbox 333 3169 1320 3438">
     <span class='ocr_line' id='line_1_27' title="bbox 333 3169 1319 3230; baseline -0.003 -13"><span class='ocrx_word' id='word_1_182' title='bbox 333 3173 421 3217; x_wconf 70' lang='lat' dir='ltr'>lhoeus</span> <span class='ocrx_word' id='word_1_183' title='bbox 439 3186 491 3218; x_wconf 88' lang='lat' dir='ltr'>cum</span> <span class='ocrx_word' id='word_1_184' title='bbox 512 3169 652 3226; x_wconf 74' lang='lat' dir='ltr'>asterisco.)</span> <span class='ocrx_word' id='word_1_185' title='bbox 670 3195 704 3205; x_wconf 89' lang='lat'>—</span> <span class='ocrx_word' id='word_1_186' title='bbox 721 3184 778 3216; x_wconf 75' lang='lat' dir='ltr'>sero</span> <span class='ocrx_word' id='word_1_187' title='bbox 792 3171 903 3230; x_wconf 82' lang='lat' dir='ltr'>Aesopus</span> <span class='ocrx_word' id='word_1_188' title='bbox 921 3172 951 3216; x_wconf 93' lang='lat' dir='ltr'>N.</span> <span class='ocrx_word' id='word_1_189' title='bbox 989 3170 1042 3228; x_wconf 87' lang='grc'>(10)</span> <span class='ocrx_word' id='word_1_190' title='bbox 1061 3196 1093 3206; x_wconf 92' lang='grc'><strong>-</strong></span> <span class='ocrx_word' id='word_1_191' title='bbox 1111 3173 1135 3216; x_wconf 81' lang='lat' dir='ltr'>sl</span> <span class='ocrx_word' id='word_1_192' title='bbox 1149 3179 1247 3217; x_wconf 81' lang='lat' dir='ltr'>terreum</span> <span class='ocrx_word' id='word_1_193' title='bbox 1264 3185 1319 3216; x_wconf 77' lang='lat' dir='ltr'>sem-</span> 
     </span>
     <span class='ocr_line' id='line_1_28' title="bbox 334 3237 1319 3300; baseline -0.003 -15"><span class='ocrx_word' id='word_1_194' title='bbox 334 3256 382 3300; x_wconf 91' lang='lat' dir='ltr'>per</span> <span class='ocrx_word' id='word_1_195' title='bbox 401 3241 430 3286; x_wconf 94' lang='lat' dir='ltr'>N.</span> <span class='ocrx_word' id='word_1_196' title='bbox 468 3237 524 3298; x_wconf 87' lang='grc'>(11)</span> <span class='ocrx_word' id='word_1_197' title='bbox 544 3265 576 3275; x_wconf 91' lang='grc'>-</span> <span class='ocrx_word' id='word_1_198' title='bbox 594 3241 725 3285; x_wconf 71' lang='lat' dir='ltr'>taxaveris</span> <span class='ocrx_word' id='word_1_199' title='bbox 744 3240 774 3286; x_wconf 96' lang='lat' dir='ltr'>N.</span> <span class='ocrx_word' id='word_1_200' title='bbox 818 3239 872 3299; x_wconf 79' lang='lat'>(12)</span> <span class='ocrx_word' id='word_1_201' title='bbox 896 3241 970 3286; x_wconf 78' lang='lat' dir='ltr'>ludus</span> <span class='ocrx_word' id='word_1_202' title='bbox 989 3267 998 3276; x_wconf 94' lang='lat'>·</span> <span class='ocrx_word' id='word_1_203' title='bbox 1018 3267 1027 3277; x_wconf 95' lang='lat'><em>-</em></span> <span class='ocrx_word' id='word_1_204' title='bbox 1046 3240 1116 3284; x_wconf 80' lang='lat' dir='ltr'>debet</span> <span class='ocrx_word' id='word_1_205' title='bbox 1133 3243 1221 3290; x_wconf 80' lang='lat' dir='ltr'>Scheff.</span> <span class='ocrx_word' id='word_1_206' title='bbox 1245 3243 1319 3286; x_wconf 82' lang='lat' dir='ltr'>Burro.</span> 
     </span>
     <span class='ocr_line' id='line_1_29' title="bbox 338 3309 1320 3368; baseline -0.002 -14"><span class='ocrx_word' id='word_1_207' title='bbox 338 3313 364 3356; x_wconf 82' lang='lat' dir='ltr'>S.</span> <span class='ocrx_word' id='word_1_208' title='bbox 384 3335 417 3344; x_wconf 92' lang='lat'>—</span> <span class='ocrx_word' id='word_1_209' title='bbox 429 3311 507 3364; x_wconf 76' lang='lat' dir='ltr'>,lusus</span> <span class='ocrx_word' id='word_1_210' title='bbox 524 3335 533 3346; x_wconf 91' lang='lat'>·</span> <span class='ocrx_word' id='word_1_211' title='bbox 552 3337 562 3346; x_wconf 93' lang='lat'>·</span> <span class='ocrx_word' id='word_1_212' title='bbox 580 3309 650 3354; x_wconf 82' lang='lat' dir='ltr'>debet</span> <span class='ocrx_word' id='word_1_213' title='bbox 667 3310 697 3356; x_wconf 95' lang='lat' dir='ltr'>N.</span> <span class='ocrx_word' id='word_1_214' title='bbox 719 3311 798 3356; x_wconf 86' lang='lat' dir='ltr'>Ursin.</span> <span class='ocrx_word' id='word_1_215' title='bbox 813 3335 846 3346; x_wconf 86' lang='lat'>-</span> <span class='ocrx_word' id='word_1_216' title='bbox 864 3311 936 3356; x_wconf 78' lang='lat' dir='ltr'>lusus</span> <span class='ocrx_word' id='word_1_217' title='bbox 954 3338 964 3347; x_wconf 93' lang='lat'>·</span> <span class='ocrx_word' id='word_1_218' title='bbox 983 3335 992 3348; x_wconf 92' lang='lat'><strong>·</strong></span> <span class='ocrx_word' id='word_1_219' title='bbox 1011 3309 1099 3355; x_wconf 72' lang='lat' dir='ltr'>debent</span> <span class='ocrx_word' id='word_1_220' title='bbox 1115 3311 1145 3356; x_wconf 88' lang='lat' dir='ltr'>P.</span> <span class='ocrx_word' id='word_1_221' title='bbox 1170 3313 1201 3356; x_wconf 87' lang='lat' dir='ltr'>ll.</span> <span class='ocrx_word' id='word_1_222' title='bbox 1222 3325 1246 3368; x_wconf 88' lang='lat' dir='ltr'>p.</span> <span class='ocrx_word' id='word_1_223' title='bbox 1266 3311 1320 3356; x_wconf 84' lang='lat' dir='ltr'>zut.</span> 
     </span>
     <span class='ocr_line' id='line_1_30' title="bbox 338 3377 1226 3438; baseline 0.002 -13"><span class='ocrx_word' id='word_1_224' title='bbox 338 3380 429 3425; x_wconf 82' lang='lat' dir='ltr'>duobus</span> <span class='ocrx_word' id='word_1_225' title='bbox 447 3393 500 3424; x_wconf 78' lang='lat' dir='ltr'>corn</span> <span class='ocrx_word' id='word_1_226' title='bbox 518 3380 627 3434; x_wconf 73' lang='lat' dir='ltr'>dactylis.</span> <span class='ocrx_word' id='word_1_227' title='bbox 665 3377 721 3437; x_wconf 88' lang='grc'>(13)</span> <span class='ocrx_word' id='word_1_228' title='bbox 737 3403 772 3417; x_wconf 89' lang='grc'><strong>-</strong></span> <span class='ocrx_word' id='word_1_229' title='bbox 788 3379 827 3426; x_wconf 78' lang='lat' dir='ltr'>Ad</span> <span class='ocrx_word' id='word_1_230' title='bbox 844 3395 866 3429; x_wconf 87' lang='lat' dir='ltr'>e.</span> <span class='ocrx_word' id='word_1_231' title='bbox 886 3387 912 3425; x_wconf 83' lang='lat' dir='ltr'>nt</span> <span class='ocrx_word' id='word_1_232' title='bbox 929 3380 1073 3438; x_wconf 19' lang='lat' dir='ltr'>elcvmelior</span> <span class='ocrx_word' id='word_1_233' title='bbox 1091 3379 1178 3426; x_wconf 77' lang='lat' dir='ltr'>redeat</span> <span class='ocrx_word' id='word_1_234' title='bbox 1195 3379 1226 3427; x_wconf 90' lang='lat' dir='ltr'>N.</span> 
     </span>
    </p>

    <p class='ocr_par' dir='ltr' id='par_1_9' title="bbox 333 3447 1327 4076">
     <span class='ocr_line' id='line_1_31' title="bbox 389 3447 1324 3510; baseline -0.005 -15"><span class='ocrx_word' id='word_1_235' title='bbox 389 3451 449 3496; x_wconf 72' lang='lat' dir='ltr'>Fue.</span> <span class='ocrx_word' id='word_1_236' title='bbox 468 3449 525 3494; x_wconf 79' lang='lat' dir='ltr'>XV.</span> <span class='ocrx_word' id='word_1_237' title='bbox 562 3447 600 3506; x_wconf 86' lang='lat'>(1)</span> <span class='ocrx_word' id='word_1_238' title='bbox 624 3448 730 3510; x_wconf 72' lang='lat' dir='ltr'>talenti]</span> <span class='ocrx_word' id='word_1_239' title='bbox 755 3449 785 3495; x_wconf 96' lang='lat' dir='ltr'>N.</span> <span class='ocrx_word' id='word_1_240' title='bbox 801 3465 835 3506; x_wconf 88' lang='lat' dir='ltr'>·p.</span> <span class='ocrx_word' id='word_1_241' title='bbox 859 3451 885 3496; x_wconf 82' lang='lat' dir='ltr'>S.</span> <span class='ocrx_word' id='word_1_242' title='bbox 906 3475 938 3484; x_wconf 98' lang='lat'>-</span> <span class='ocrx_word' id='word_1_243' title='bbox 963 3451 1068 3494; x_wconf 74' lang='lat' dir='ltr'>bellenti</span> <span class='ocrx_word' id='word_1_244' title='bbox 1085 3451 1113 3498; x_wconf 84' lang='lat' dir='ltr'>P.</span> <span class='ocrx_word' id='word_1_245' title='bbox 1134 3451 1164 3495; x_wconf 85' lang='lat' dir='ltr'>ll.</span> <span class='ocrx_word' id='word_1_246' title='bbox 1184 3475 1217 3484; x_wconf 94' lang='lat'><em>-</em></span> <span class='ocrx_word' id='word_1_247' title='bbox 1234 3447 1324 3508; x_wconf 77' lang='lat' dir='ltr'>pelenti</span> 
     </span>
     <span class='ocr_line' id='line_1_32' title="bbox 337 3517 1324 3582; baseline -0.005 -17"><span class='ocrx_word' id='word_1_248' title='bbox 337 3519 437 3565; x_wconf 85' lang='lat' dir='ltr'>Prusch.</span> <span class='ocrx_word' id='word_1_249' title='bbox 458 3521 531 3564; x_wconf 74' lang='lat' dir='ltr'>Seleu.</span> <span class='ocrx_word' id='word_1_250' title='bbox 551 3520 628 3564; x_wconf 87' lang='lat' dir='ltr'>Bentl.</span> <span class='ocrx_word' id='word_1_251' title='bbox 649 3519 692 3577; x_wconf 89' lang='lat'>(-</span> <span class='ocrx_word' id='word_1_252' title='bbox 711 3520 910 3582; x_wconf 72' lang='lat' dir='ltr'>ougcntillotn.)</span> <span class='ocrx_word' id='word_1_253' title='bbox 952 3519 991 3579; x_wconf 78' lang='lat'>(2)</span> <span class='ocrx_word' id='word_1_254' title='bbox 1009 3517 1060 3578; x_wconf 77' lang='lat' dir='ltr'>dr&#39;e]</span> <span class='ocrx_word' id='word_1_255' title='bbox 1086 3519 1116 3564; x_wconf 92' lang='lat' dir='ltr'>N.</span> <span class='ocrx_word' id='word_1_256' title='bbox 1142 3522 1172 3564; x_wconf 76' lang='lat' dir='ltr'>A.</span> <span class='ocrx_word' id='word_1_257' title='bbox 1189 3521 1284 3564; x_wconf 82' lang='lat' dir='ltr'>Romul.</span> <span class='ocrx_word' id='word_1_258' title='bbox 1303 3518 1324 3560; x_wconf 87' lang='lat' dir='ltr'>S.</span> 
     </span>
     <span class='ocr_line' id='line_1_33' title="bbox 339 3586 1323 3650; baseline -0.003 -17"><span class='ocrx_word' id='word_1_259' title='bbox 339 3613 372 3624; x_wconf 92' lang='lat'><em>-</em></span> <span class='ocrx_word' id='word_1_260' title='bbox 389 3587 450 3650; x_wconf 76' lang='lat' dir='ltr'>lroee</span> <span class='ocrx_word' id='word_1_261' title='bbox 466 3589 496 3634; x_wconf 88' lang='lat' dir='ltr'>P.</span> <span class='ocrx_word' id='word_1_262' title='bbox 516 3589 545 3634; x_wconf 79' lang='lat' dir='ltr'>ll.</span> <span class='ocrx_word' id='word_1_263' title='bbox 565 3603 588 3644; x_wconf 88' lang='lat' dir='ltr'>p.</span> <span class='ocrx_word' id='word_1_264' title='bbox 626 3586 666 3648; x_wconf 84' lang='lat'>(5)</span> <span class='ocrx_word' id='word_1_265' title='bbox 683 3589 750 3634; x_wconf 82' lang='lat' dir='ltr'>Dein</span> <span class='ocrx_word' id='word_1_266' title='bbox 763 3589 859 3648; x_wconf 75' lang='lat' dir='ltr'>portet]</span> <span class='ocrx_word' id='word_1_267' title='bbox 879 3605 902 3646; x_wconf 93' lang='lat' dir='ltr'>p.</span> <span class='ocrx_word' id='word_1_268' title='bbox 934 3591 959 3634; x_wconf 89' lang='lat' dir='ltr'>S.</span> <span class='ocrx_word' id='word_1_269' title='bbox 980 3609 1010 3626; x_wconf 90' lang='lat'>··</span> <span class='ocrx_word' id='word_1_270' title='bbox 1027 3588 1115 3634; x_wconf 77' lang='lat' dir='ltr'>deinde</span> <span class='ocrx_word' id='word_1_271' title='bbox 1138 3589 1224 3646; x_wconf 75' lang='lat' dir='ltr'>portae</span> <span class='ocrx_word' id='word_1_272' title='bbox 1249 3591 1278 3634; x_wconf 88' lang='lat' dir='ltr'>P.</span> <span class='ocrx_word' id='word_1_273' title='bbox 1298 3588 1323 3630; x_wconf 85' lang='lat' dir='ltr'>ll.</span> 
     </span>
     <span class='ocr_line' id='line_1_34' title="bbox 338 3651 1325 3718; baseline -0.004 -15"><span class='ocrx_word' id='word_1_274' title='bbox 338 3679 373 3694; x_wconf 70' lang='lat' dir='ltr'>a·</span> <span class='ocrx_word' id='word_1_275' title='bbox 390 3658 448 3704; x_wconf 74' lang='lat' dir='ltr'>dein</span> <span class='ocrx_word' id='word_1_276' title='bbox 459 3655 516 3718; x_wconf 85' lang='lat' dir='ltr'>sert</span> <span class='ocrx_word' id='word_1_277' title='bbox 530 3659 560 3704; x_wconf 93' lang='lat' dir='ltr'>N.</span> <span class='ocrx_word' id='word_1_278' title='bbox 597 3655 683 3716; x_wconf 76' lang='grc'>(7)-</span> <span class='ocrx_word' id='word_1_279' title='bbox 702 3659 833 3704; x_wconf 79' lang='lat' dir='ltr'>admodum</span> <span class='ocrx_word' id='word_1_280' title='bbox 850 3655 997 3717; x_wconf 82' lang='lat' dir='ltr'>(sie)uderc</span> <span class='ocrx_word' id='word_1_281' title='bbox 1013 3651 1045 3705; x_wconf 92' lang='lat' dir='ltr'>N.</span> <span class='ocrx_word' id='word_1_282' title='bbox 1082 3658 1118 3715; x_wconf 86' lang='grc'>(9)</span> <span class='ocrx_word' id='word_1_283' title='bbox 1137 3683 1170 3693; x_wconf 89' lang='lat'>-</span> <span class='ocrx_word' id='word_1_284' title='bbox 1188 3661 1235 3704; x_wconf 79' lang='lat' dir='ltr'>illu</span> <span class='ocrx_word' id='word_1_285' title='bbox 1248 3657 1325 3717; x_wconf 77' lang='lat' dir='ltr'>potior</span> 
     </span>
     <span class='ocr_line' id='line_1_35' title="bbox 339 3721 1326 3790; baseline 0 -17"><span class='ocrx_word' id='word_1_286' title='bbox 339 3743 400 3790; x_wconf 78' lang='lat' dir='ltr'>pune</span> <span class='ocrx_word' id='word_1_287' title='bbox 420 3727 519 3788; x_wconf 77' lang='lat' dir='ltr'>peperit</span> <span class='ocrx_word' id='word_1_288' title='bbox 541 3729 571 3774; x_wconf 94' lang='lat' dir='ltr'>N.</span> <span class='ocrx_word' id='word_1_289' title='bbox 608 3726 665 3787; x_wconf 82' lang='lat'>(10)</span> <span class='ocrx_word' id='word_1_290' title='bbox 685 3752 714 3783; x_wconf 47' lang='lat'>-,-</span> <span class='ocrx_word' id='word_1_291' title='bbox 735 3721 882 3774; x_wconf 74' lang='lat' dir='ltr'>nasceretur</span> <span class='ocrx_word' id='word_1_292' title='bbox 900 3729 930 3774; x_wconf 87' lang='lat' dir='ltr'>N.</span> <span class='ocrx_word' id='word_1_293' title='bbox 967 3727 1022 3788; x_wconf 88' lang='lat'>(11.</span> <span class='ocrx_word' id='word_1_294' title='bbox 1044 3727 1087 3786; x_wconf 79' lang='lat'>12)</span> <span class='ocrx_word' id='word_1_295' title='bbox 1105 3727 1159 3790; x_wconf 78' lang='lat' dir='ltr'>Age</span> <span class='ocrx_word' id='word_1_296' title='bbox 1174 3741 1270 3786; x_wconf 73' lang='lat' dir='ltr'>porro:</span> <span class='ocrx_word' id='word_1_297' title='bbox 1286 3739 1326 3785; x_wconf 75' lang='lat' dir='ltr'>pu·</span> 
     </span>
     <span class='ocr_line' id='line_1_36' title="bbox 339 3795 1326 3860; baseline -0.005 -16"><span class='ocrx_word' id='word_1_298' title='bbox 339 3813 397 3844; x_wconf 84' lang='lat' dir='ltr'>rere</span> <span class='ocrx_word' id='word_1_299' title='bbox 414 3799 438 3843; x_wconf 81' lang='grc' dir='ltr'><strong><em>ιί</em></strong></span> <span class='ocrx_word' id='word_1_300' title='bbox 455 3798 572 3844; x_wconf 79' lang='lat' dir='ltr'>voluisset</span> <span class='ocrx_word' id='word_1_301' title='bbox 587 3795 728 3858; x_wconf 79' lang='lat' dir='ltr'>seminam,</span> <span class='ocrx_word' id='word_1_302' title='bbox 754 3798 820 3860; x_wconf 77' lang='lat' dir='ltr'>Quid</span> <span class='ocrx_word' id='word_1_303' title='bbox 836 3796 1001 3858; x_wconf 77' lang='lat' dir='ltr'>profecisset,</span> <span class='ocrx_word' id='word_1_304' title='bbox 1021 3813 1095 3859; x_wconf 82' lang='lat' dir='ltr'>quum</span> <span class='ocrx_word' id='word_1_305' title='bbox 1113 3811 1217 3843; x_wconf 75' lang='lat' dir='ltr'>crearer</span> <span class='ocrx_word' id='word_1_306' title='bbox 1235 3809 1326 3842; x_wconf 82' lang='lat' dir='ltr'>museu-</span> 
     </span>
     <span class='ocr_line' id='line_1_37' title="bbox 339 3867 1326 3930; baseline -0.006 -16"><span class='ocrx_word' id='word_1_307' title='bbox 339 3869 408 3930; x_wconf 64' lang='lat' dir='ltr'>turs]</span> <span class='ocrx_word' id='word_1_308' title='bbox 428 3869 467 3914; x_wconf 82' lang='lat' dir='ltr'>Sic</span> <span class='ocrx_word' id='word_1_309' title='bbox 484 3868 514 3913; x_wconf 91' lang='lat' dir='ltr'>N.</span> <span class='ocrx_word' id='word_1_310' title='bbox 551 3869 576 3914; x_wconf 89' lang='lat' dir='ltr'>ln</span> <span class='ocrx_word' id='word_1_311' title='bbox 595 3870 624 3914; x_wconf 85' lang='grc' dir='ltr'>Ρ.</span> <span class='ocrx_word' id='word_1_312' title='bbox 645 3871 692 3912; x_wconf 80' lang='lat' dir='ltr'>duo</span> <span class='ocrx_word' id='word_1_313' title='bbox 709 3867 732 3912; x_wconf 86' lang='grc' dir='ltr'>1ιί</span> <span class='ocrx_word' id='word_1_314' title='bbox 750 3870 861 3914; x_wconf 82' lang='lat' dir='ltr'>versiculi</span> <span class='ocrx_word' id='word_1_315' title='bbox 880 3871 1038 3914; x_wconf 75' lang='lat' dir='ltr'>rectissimam</span> <span class='ocrx_word' id='word_1_316' title='bbox 1058 3871 1198 3914; x_wconf 78' lang='lat' dir='ltr'>sententium</span> <span class='ocrx_word' id='word_1_317' title='bbox 1218 3868 1326 3924; x_wconf 71' lang='lat' dir='ltr'>pincheu-</span> 
     </span>
     <span class='ocr_line' id='line_1_38' title="bbox 339 3937 1327 4000; baseline -0.005 -14"><span class='ocrx_word' id='word_1_318' title='bbox 339 3945 376 3986; x_wconf 77' lang='lat' dir='ltr'>les</span> <span class='ocrx_word' id='word_1_319' title='bbox 394 3955 420 3985; x_wconf 77' lang='lat' dir='ltr'>se</span> <span class='ocrx_word' id='word_1_320' title='bbox 440 3939 550 3986; x_wconf 74' lang='lat' dir='ltr'>Phaedro</span> <span class='ocrx_word' id='word_1_321' title='bbox 569 3953 668 3996; x_wconf 85' lang='lat' dir='ltr'>prorsus</span> <span class='ocrx_word' id='word_1_322' title='bbox 690 3940 753 3997; x_wconf 75' lang='lat' dir='ltr'>digus</span> <span class='ocrx_word' id='word_1_323' title='bbox 774 3937 807 3982; x_wconf 79' lang='lat' dir='ltr'>ite</span> <span class='ocrx_word' id='word_1_324' title='bbox 825 3940 849 3984; x_wconf 95' lang='lat' dir='ltr'>in</span> <span class='ocrx_word' id='word_1_325' title='bbox 868 3953 939 3984; x_wconf 86' lang='lat' dir='ltr'>unum</span> <span class='ocrx_word' id='word_1_326' title='bbox 957 3941 1071 3984; x_wconf 78' lang='lat' dir='ltr'>contracti</span> <span class='ocrx_word' id='word_1_327' title='bbox 1093 3945 1165 3984; x_wconf 87' lang='lat' dir='ltr'>suut:</span> <span class='ocrx_word' id='word_1_328' title='bbox 1185 3938 1240 4000; x_wconf 78' lang='lat' dir='ltr'>Age</span> <span class='ocrx_word' id='word_1_329' title='bbox 1256 3947 1327 3996; x_wconf 78' lang='lat' dir='ltr'>porro</span> 
     </span>
     <span class='ocr_line' id='line_1_39' title="bbox 333 4004 1327 4076; baseline -0.006 -23"><span class='ocrx_word' id='word_1_330' title='bbox 333 4006 457 4072; x_wconf 71' lang='lat' dir='ltr'>fecisset:</span> <span class='ocrx_word' id='word_1_331' title='bbox 476 4023 549 4076; x_wconf 78' lang='lat' dir='ltr'>quum</span> <span class='ocrx_word' id='word_1_332' title='bbox 567 4023 670 4060; x_wconf 72' lang='lat' dir='ltr'>crearer</span> <span class='ocrx_word' id='word_1_333' title='bbox 687 4009 831 4058; x_wconf 80' lang='lat' dir='ltr'>rnoeettlue:</span> <span class='ocrx_word' id='word_1_334' title='bbox 848 4011 950 4070; x_wconf 83' lang='lat' dir='ltr'>itemque</span> <span class='ocrx_word' id='word_1_335' title='bbox 967 4011 990 4056; x_wconf 76' lang='lat' dir='ltr'>is</span> <span class='ocrx_word' id='word_1_336' title='bbox 1008 4011 1057 4064; x_wconf 82' lang='lat' dir='ltr'>ll.,</span> <span class='ocrx_word' id='word_1_337' title='bbox 1078 4009 1123 4056; x_wconf 81' lang='lat' dir='ltr'>sisi</span> <span class='ocrx_word' id='word_1_338' title='bbox 1137 4012 1199 4070; x_wconf 85' lang='lat' dir='ltr'>quod</span> <span class='ocrx_word' id='word_1_339' title='bbox 1217 4009 1269 4071; x_wconf 81' lang='lat' dir='ltr'>lue,</span> <span class='ocrx_word' id='word_1_340' title='bbox 1288 4004 1327 4051; x_wconf 86' lang='lat' dir='ltr'>uisi</span> 
     </span>
    </p>
   </div>
   <div class='ocr_carea' id='block_1_9' title="bbox 0 0 1394 4708">
    <p class='ocr_par' dir='ltr' id='par_1_10' title="bbox 0 0 1394 4708">
     <span class='ocr_line' id='line_1_40' title="bbox 0 0 1394 4708; baseline 0 0"><span class='ocrx_word' id='word_1_341' title='bbox 0 0 1394 4708; x_wconf 95' lang='lat' dir='ltr'> </span> 
     </span>
    </p>
   </div>
  </div>
 </body>
</html>
