2752 4718
1007 347 1046 411 77

58 483 152 550 Oliva
175 483 266 550 nobis
287 495 422 569 propter
442 485 650 550 dructumest
671 487 806 572 gratior.

58 591 149 650 Tune
171 589 217 652 aie
239 591 370 653 deorum
395 589 521 674 genitor
543 601 638 672 atque
658 591 819 654 hominum
840 600 949 653 satore
1006 591 1048 653 to

57 692 84 755 0
106 702 196 766 nata,
221 691 333 755 merito
355 692 477 774 sapiens
499 692 607 755 dicere
630 694 793 756 omnibus!

57 791 121 854 Nisi
143 792 221 856 utile
243 805 289 856 est
311 797 398 879 quod
419 789 569 870 facimus,
595 789 687 857 stulta
711 808 757 858 est
781 797 897 881 gloria.

94 895 182 960 Nihil
203 917 299 980 agere
322 899 409 980 quod
431 917 494 962 uon
515 897 620 979 prosit
641 898 936 964 sabella‘udruouet.

434 1115 530 1175 [rau.
554 1116 663 1176 xviii]

142 1221 277 1330 navo
296 1264 359 1329 ao
380 1266 601 1331 iunonem
623 1267 685 1331 uu
708 1265 835 1332 voce
860 1268 960 1331 sun.

95 1409 186 1472 Pavo
208 1409 247 1470 ad
268 1406 422 1471 Iunonem
446 1406 532 1470 venit
553 1406 679 1492 indigne
701 1405 806 1470 ferens

58 1509 170 1575 Cantus
193 1509 314 1574 luscinii
339 1513 425 1594 quod
448 1511 505 1598 sibi
529 1532 593 1574 nou
616 1511 781 1573 tribuerit:

59 1613 141 1675 lllum
164 1603 374 1676 essemunetis
397 1611 525 1676 auribus
547 1611 778 1690 admirabilem,

59 1713 95 1777 Se
114 1715 269 1792 derideri,
293 1717 384 1780 simul
406 1737 442 1777 ac
463 1737 575 1779 vocem
598 1715 729 1779 miserit.

63 1821 147 1881 Tune
169 1819 351 1899 consolandi
369 1817 474 1903 ¹gratia
495 1818 576 1882 dixit
597 1823 673 1883 dea:

59 1921 113 1982 Sed
133 1921 236 1984 lorma
257 1921 378 2000 vineis,
403 1921 501 1984 vineis
523 1922 755 2005 magnitudine3

59 2023 146 2085 Nitor
167 2025 326 2110 smaragdi
348 2024 432 2088 eollo
454 2025 633 2108 praefulget
654 2036 711 2090 tuo

60 2125 212 2210 Pictisque
235 2125 349 2209 plumis
372 2147 544 2212 gemmeam
567 2130 695 2190 eatrdam
719 2127 870 2214 explicas.

59 2226 125 2306 Quo
146 2231 208 2304 ml,
232 2229 351 2314 inquit,
376 2241 490 2291 mutam
513 2231 667 2312 speeiem,
693 2231 719 2293 si
742 2232 854 2294 vincor
875 2225 981 2296 sotto?

63 2331 206 2394 Fatorum
229 2331 363 2396 arbitrio
384 2343 491 2414 partes
513 2343 586 2394 sunt
608 2335 700 2398 vobis
724 2337 834 2398 datae:
1003 2335 1043 2395 10

61 2433 129 2496 Tibi
147 2436 269 2510 forme,
294 2435 378 2497 vires
401 2431 541 2518 aquilae,
566 2435 700 2500 luscinio
724 2437 852 2512 melos,¹
883 2436 885 2444 ’

60 2535 229 2620 Augurium
252 2557 373 2612 corvo,
396 2537 486 2599 laeva
508 2537 630 2600 eoruioi
652 2537 774 2602 omina:

59 2637 227 2724 Omnesque
249 2639 391 2722 propriis
413 2652 485 2704 sunt
507 2651 671 2704 contentae
694 2643 832 2704 dotibus.
870 2675 873 2680 ·

56 2822 114 2878 guit:
131 2821 247 2868 Minerva
268 2821 400 2868 admirans
418 2837 495 2883 quare
512 2822 609 2866 sterilia
625 2829 768 2880 sumerent,
787 2822 955 2883 Interrogavit
966 2838 1039 2869 rarae·
1107 2825 1110 2832 ’

56 2891 338 2950 aaan;da'm't1uppiter.
374 2891 413 2951 (l)
430 2891 556 2938 Honorem
568 2889 666 2952 fructu]
685 2892 716 2938 N.
736 2894 760 2938 iu
780 2892 943 2949 Cornucopiae
961 2896 1039 2938 rario-

56 2972 104 3003 rum
123 2963 184 3006 eoni.
213 2961 321 3007 firmans.
349 2961 375 3007 S.
401 2985 433 2996 —
458 2960 557 3006 Honore
573 2957 690 3020 fructum
712 2962 742 3006 P.
768 2961 797 3006 ll.
821 2977 844 3018 p.
865 2984 898 2996 ·-
915 2961 1041 3008 Horrorem

50 3025 144 3086 fruetus
162 3033 246 3076 Codioi
271 3032 397 3078 Perellius
422 3033 505 3078 tribuit
527 3032 653 3088 Dorvill.;
683 3046 831 3090 nequaquam
856 3046 913 3076 vero
941 3033 1040 3079 launell.

57 3097 91 3155 (8)
106 3089 268 3160 mehercules]
288 3102 319 3147 N.
342 3103 366 3150 S.
386 3098 418 3136 -ἓ
436 3099 575 3144 rneltereule
596 3101 625 3146 P.
648 3101 677 3146 N.
699 3114 722 3158 p.
765 3099 848 3157 (thid.)
871 3099 996 3162 narrabit]
1015 3117 1040 3158 p.

56 3167 80 3211 S.
98 3191 123 3203 -
141 3173 255 3216 narrarit
271 3173 302 3216 P.
330 3171 361 3216 ll.
379 3195 413 3207 ·-
430 3169 584 3215 mehercules
606 3171 686 3230 inquit
705 3170 769 3232 quod
788 3172 818 3219 N.
865 3169 905 3229 (9)
915 3169 1043 3231 fructum]

56 3237 82 3282 ll.
99 3253 111 3283 a
126 3255 174 3286 see.
194 3255 227 3285 m.
247 3241 363 3286 Rittersb.
383 3241 409 3285 S.
429 3263 461 3274 -
473 3237 578 3299 fractae
590 3240 619 3303 P..
639 3242 669 3285 tt.
690 3257 703 3284 a
723 3255 759 3296 pr.
778 3255 810 3288 m.
831 3241 860 3288 N.
875 3255 899 3296 p.
936 3239 993 3299 (10)
1008 3251 1040 3284 ·.“·.

57 3305 113 3351 Tam
132 3310 161 3354 N.
186 3315 247 3355 teste
272 3312 340 3356 larun.
377 3309 459 3367 (lbld.)
482 3307 592 3370 genitor]
617 3310 647 3354 N.
674 3323 698 3364 p.
724 3311 750 3356 S.
776 3332 809 3345 -
832 3311 944 3372 gentium
961 3312 992 3356 P.
1008 3311 1041 3356 lt.

57 3373 103 3431 (13)
120 3399 148 3411 ·-
167 3387 291 3424 ammonet
307 3379 337 3424 tt.
358 3403 390 3414 ·-
408 3387 490 3424 monet
506 3379 536 3424 P.
558 3380 671 3423 Correxit
688 3394 712 3435 p.

101 3447 154 3494 Pan.
171 3449 266 3510 xvut.
314 3447 352 3506 (1)
369 3460 406 3497 ΘΟ
423 3448 490 3494 Pavo
509 3447 625 3492 lunonem
646 3450 757 3494 conuenit
773 3447 803 3493 N.
842 3447 879 3506 (2)
898 3443 1043 3492 -ἒὶιιεοίηί

55 3513 83 3557 ll·
99 3539 128 3552 —
144 3519 269 3563 lusciniae
288 3521 311 3564 b.
332 3521 349 3564 l.
369 3525 393 3564 et
414 3533 438 3563 v.
460 3515 500 3563 11.
521 3518 550 3563 N.
569 3531 666 3562 servans
681 3525 759 3564 tamen
780 3529 802 3562 t.
825 3515 904 3564 illum.
942 3515 978 3574 (3)
998 3531 1041 3562 au·

55 3582 172 3645 riburjP.
194 3589 226 3633 tt.
252 3591 278 3632 S.
297 3599 335 3635 ω
352 3589 438 3634 aribus
456 3588 486 3634 N.
506 3587 602 3632 firmans
617 3589 713 3632 Pithoel
732 3589 795 3632 toni.
818 3590 887 3632 tacite
906 3591 936 3630 ab
956 3602 984 3631 eo
1001 3601 1041 3630 re·

56 3660 144 3707 ceptam.
164 3655 209 3716 (³-
224 3657 409 3703 ammirabilem
427 3659 457 3702 P.
477 3657 519 3712 ll.)
555 3656 591 3712 (5)
605 3679 636 3691 -
649 3659 765 3717 'gratiam
783 3657 813 3702 P.
831 3658 876 3712 li.,
909 3663 1007 3715 uterque
1025 3670 1041 3702 ι

54 3734 88 3774 pr.
105 3737 180 3772 mano.
200 3749 233 3762 ——
251 3727 327 3772 duxit
350 3741 374 3786 g.
412 3725 465 3772 Non
483 3733 601 3772 memorat
628 3725 697 3771 Vino.
735 3725 771 3783 (6)
789 3751 822 3761 -
833 3724 923 3786 forma
942 3733 967 3770 ta
989 3725 1041 3769 rin·

54 3791 88 3834 cia
104 3800 126 3838 et
140 3809 225 3857 anagn.
246 3797 277 3842 N.
306 3795 373 3854 (aie).
416 3795 455 3856 (7)
483 3807 514 3840 =
539 3797 674 3858 smaragdi
696 3797 778 3841 llurrn.
799 3797 824 3841 S.
861 3795 897 3852 (9)
916 3795 968 3856 Quo
992 3791 1039 3852 mc]

54 3872 75 3913 Ρ·
93 3863 115 3906 S·
142 3879 238 3926 -quo
254 3865 316 3911 milei
341 3867 371 3911 P.
390 3865 420 3911 ll.
443 3887 472 3899 --
492 3861 541 3908 Gar
565 3864 640 3921 milti,
665 3866 758 3925 inquit,
776 3865 888 3923 species,
914 3862 939 3908 ai
956 3863 986 3908 N.
1011 3875 1041 3908 ex

58 3929 158 3988 interpol.
194 3933 252 3996 (1⁰)
271 3961 304 3970 -
321 3935 389 3981 aobr'a
416 3942 474 3980 runt
492 3933 522 3979 N.
545 3939 605 3980 testa
623 3937 746 3990 Dormit,
766 3949 812 3979 raon
832 3935 906 3990 laum¹
936 3931 988 3987 (42)
1007 3943 1039 3966 -ι

54 3997 102 4042 leva
117 4017 138 4048 c.
157 4002 258 4052 hominu
276 4005 307 4051 P.
326 4005 355 4051 ll.
376 4003 431 4064 (13)
449 4003 597 4065 Omneepae]
615 4007 655 4052 Sic
674 4011 723 4050 tres
742 4005 800 4050 Cdd.
821 4005 851 4049 P.
870 4005 900 4048 ll.
921 4001 950 4047 N.
965 4005 1037 4060 (nou:
