2816 4716
328 318 390 384 238

327 473 435 516 crearet.
471 467 538 512 Finis
556 462 702 524 significetur
720 461 815 510 denium
832 477 855 512 t.
871 461 912 510 tt.
932 477 970 510 rr.
991 463 1055 516 uude
1073 467 1162 512 uteret.
1200 467 1279 514 Totis
1292 484 1338 514 ne·

261 540 263 546 ’
327 541 399 586 bidus
416 551 501 584 rursus
519 551 563 592 pro
593 535 741 590 „omuibus;
767 535 990 580 innumerabilibus.
1002 537 1015 558 ’'
1042 535 1095 580 Cir.
1115 537 1211 596 Virgilii
1230 539 1284 584 Ge.
1308 539 1337 594 1,
1399 561 1400 566 =

328 608 393 656 322:
421 609 570 653 immeritum
596 605 665 648 eueto
691 605 757 649 venit
774 617 866 664 agmen
883 619 1006 664 epicurum
1024 631 1035 642 ·
1053 631 1064 642 -
1082 603 1204 650 collectae
1220 623 1259 652 ex
1286 611 1339 654 utto

326 681 413 727 nuber.
434 677 532 734 (Rapite
552 678 602 720 rull
623 673 729 734 lligler.)
750 673 848 720 Vernae
873 675 972 720 debetur
987 676 1100 724 Pithoeo.
1145 679 1210 722 ldenr
1228 681 1339 724 coniecit
1399 681 1400 720 l

322 751 403 814 fluxit
421 749 503 794 ulmae
529 744 694 790 confirmatum
719 759 733 789 e
764 746 824 789 Cod.
846 745 920 790 Selm.
968 749 1047 792 Prave
1065 746 1138 805 igitur
1161 755 1261 806 egeret,
1297 750 1338 806 qui

326 824 418 880 legeret
438 831 491 864 cum
509 815 592 871 Lipsio
609 815 701 877 fluxuo
718 816 800 860 otmar
816 828 856 869 c.,
884 818 991 862 vetrum
1006 815 1121 862 uorum
1136 816 1230 879 fluxae
1248 820 1338 862 almae
1399 803 1400 838 l

275 903 276 906 ’
325 897 364 935 ert
381 903 403 934 e.
440 885 496 945 (62)
507 882 662 944 seturPith.
682 883 718 942 (ls
737 886 848 940 scripsit:
870 882 1338 944 Ut(eumsuoCod.)setueimmix-

325 959 389 1016 tur.)
425 955 480 1012 (66)
498 957 599 1015 lttgler:
619 979 652 988 -
670 953 785 998 Peroium
806 951 850 998 rui
867 960 952 1000 tenore
967 956 1087 1004 conuiuali
1106 957 1243 1002 tramitem.
1286 960 1336 1002 Sed
1399 985 1400 1016 p

325 1031 385 1074 henr
401 1029 464 1072 coni.
488 1028 526 1071 vir
541 1025 709 1070 admittendam
726 1037 778 1068 esse
802 1025 950 1070 demon-tunt
972 1030 1041 1074 doctu
1063 1025 1167 1072 Schulzii
1186 1019 1335 1073 annotatio:
1399 1031 1400 1098 l

324 1131 338 1155 ‚‚
345 1098 428 1143 Tener
446 1103 483 1144 est
501 1099 542 1142 ills
560 1100 688 1152 perpetuus
707 1107 836 1149 corporum
852 1095 877 1138 iu
895 1109 998 1152 corpore
1016 1100 1134 1144 decursus
1150 1101 1174 1140 et
1190 1111 1336 1156 regressus,
1399 1103 1400 1192 p

324 1163 433 1229 ἀέναος
449 1159 524 1232 ὕλη,
549 1181 597 1224 quo
613 1170 696 1210 cuncte
714 1161 857 1210 efficiuntur.
895 1164 1023 1212 Censorini
1044 1167 1078 1226 (s.
1097 1167 1177 1221 potius
1193 1169 1334 1222 Anonymi,
1399 1193 1400 1222 p

324 1239 364 1297 qui
377 1239 511 1283 Censorino
523 1238 586 1282 solet
600 1233 710 1293 subiungi
720 1231 740 1290 :)
752 1233 849 1292 fragm.
869 1232 940 1292 (Cup.
961 1237 980 1285 1.
999 1251 1023 1292 p.
1046 1232 1105 1280 tto.
1124 1236 1171 1280 Ed.
1185 1236 1334 1296 Certatur-ig.
1399 1229 1400 1306 i

326 1305 416 1364 1⁶95.)
456 1307 534 1352 Initia
557 1319 643 1350 rerum
667 1303 755 1351 eedem
781 1305 903 1348 elementa
921 1312 946 1350 et
965 1307 1098 1366 principia
1115 1304 1245 1352 dicuutur,
1294 1306 1335 1351 Eu
1399 1309 1400 1390 p

323 1378 404 1424 Stoici
424 1377 530 1422 eredunt
547 1381 655 1420 tenorem
672 1379 744 1433 etque
762 1375 907 1420 materiam.
949 1377 1085 1431 Teporem,
1105 1376 1162 1434 qui,
1182 1379 1335 1422 rarescente

324 1447 449 1501 enutri-iu,
481 1461 496 1490 u
514 1445 598 1490 undio
614 1443 699 1490 tendet
716 1442 750 1488 ud
766 1455 911 1499 summum
934 1445 1021 1490 eedem
1042 1452 1216 1491 concrescente
1233 1461 1335 1491 rur-oue

323 1531 340 1562 e
356 1513 637 1576 surnmoreseruturud
653 1512 788 1559 medium.''
822 1515 954 1573 florejus.
978 1517 1128 1572 Interpretor
1149 1517 1239 1574 igitur:
1261 1518 1336 1572 „lpse

323 1589 361 1633 eui
383 1593 491 1632 tenorem
509 1585 616 1642 pervium
636 1599 680 1641 per
695 1585 788 1628 eaelum
814 1579 905 1628 terrem
926 1597 994 1632 mere
1013 1587 1099 1630 imbuit
1119 1587 1209 1630 semine
1224 1588 1332 1644 genitali

323 1659 404 1702 ornnie
421 1662 559 1714 penetrante
577 1670 619 1710 no,
649 1655 722 1699 vetuti
740 1655 835 1698 tremite
853 1655 930 1710 teoto,
962 1657 980 1700 i.
1002 1671 1024 1702 e.
1044 1657 1109 1702 inciti
1127 1669 1202 1710 opere
1227 1669 1334 1710 pereur-

322 1727 408 1782 rente,
429 1729 489 1772 unde
505 1726 584 1770 omnin
599 1739 751 1783 quaecuuque
772 1723 861 1778 vivunt,
880 1727 910 1769 nd
928 1730 1007 1770 ortum
1025 1725 1191 1782 perveniunt.‘'
1225 1726 1334 1772 Schulze

323 1803 406 1842 centra
424 1809 462 1841 vv.
481 1795 600 1841 reininali
617 1796 716 1840 tremite
734 1791 824 1838 imbuit
841 1795 876 1840 sie
894 1796 1011 1850 explicat:
1043 1791 1199 1852 „asruefitoit
1213 1809 1256 1839 res
1278 1797 1334 1840 viee

322 1867 472 1928 geniturae.n
506 1865 598 1910 imbuit
606 1869 684 1910 temen
699 1864 775 1923 magis
787 1865 886 1920 proprio
899 1863 1033 1923 significatu
1049 1867 1211 1921 accipiendum
1222 1865 1333 1921 videtur,

322 1938 434 1993 aspersit,
445 1936 579 1981 madefecit.
591 1935 676 1980 Potest
684 1947 737 1979 esse
748 1934 819 1980 etiem
829 1938 921 1990 tempus
927 1949 1052 1991 praesens,
1067 1937 1111 1980 etsi
1121 1935 1197 1990 irrepit
1208 1933 1334 1993 (eoristus
1399 1953 1400 1990 i

321 2009 401 2063 potius
412 2021 481 2064 quum
491 2005 629 2061 perfeetum)
636 2005 790 2068 subsequitur·
798 2015 806 2058 3
815 2008 839 2048 et
848 2005 893 2050 hoe
902 2006 997 2063 quidem
1006 2007 1127 2062 praefero,
1137 2009 1162 2048 ut
1170 2005 1203 2048 sit
1210 2017 1332 2059 praesens
1399 1991 1400 2066 J

321 2082 422 2131 tempus.
442 2073 496 2130 (69)
512 2073 628 2132 Penates]
641 2089 693 2119 eum
706 2075 811 2132 Senum,
828 2075 976 2129 Bouhierio,
997 2075 1072 2120 Gesn.
1083 2088 1165 2119 rerem
1174 2075 1232 2118 huno
1245 2075 1333 2120 iudice
1399 2073 1400 2122 l

321 2146 400 2190 lliviui
425 2145 514 2200 suspic.
551 2144 613 2188 Nem
631 2149 655 2188 et
675 2157 717 2198 per
739 2157 764 2188 se
783 2149 884 2201 nepoter
901 2147 938 2190 vel
956 2147 980 2192 in
996 2147 1042 2190 huo
1061 2148 1134 2200 poeta
1153 2150 1238 2188 notum
1257 2151 1329 2190 ente·
1399 2129 1400 2208 )

322 2216 407 2260 cedere
429 2229 476 2258 nou
494 2214 626 2270 debebeut3
647 2219 670 2258 et
691 2201 753 2256 solet
770 2215 891 2274 eorrumpi
910 2215 940 2258 nh
958 2215 1078 2270 imperitis
1096 2213 1183 2259 scribis
1202 2229 1225 2258 v.
1244 2213 1331 2258 Pemr-
1399 2217 1400 2228 ¹

321 2291 359 2330 tes
382 2284 454 2327 veluti
479 2285 503 2328 in
528 2283 605 2327 Taciti
631 2281 702 2326 Dtat.
726 2281 755 2326 de
781 2282 865 2328 Orutt.
890 2283 949 2340 Cup.
970 2283 995 2329 8.
1021 2299 1078 2329 vern
1094 2285 1165 2336 lectio
1188 2287 1330 2344 angustiae

316 2359 438 2412 penatum
455 2355 542 2398 mirum
560 2354 584 2397 in
603 2355 705 2408 modum
717 2355 801 2398 verntn'
819 2359 856 2400 est
873 2347 913 2415 (α.
930 2361 1055 2415 ereptum,
1085 2369 1111 2398 u.
1127 2348 1280 2410 pareutum',
1303 2371 1329 2399 α.
1399 2359 1400 2408 )

320 2425 415 2478 rernm)
440 2431 464 2468 et
486 2425 636 2479 corruptelae
655 2423 781 2481 vestigium
799 2429 876 2470 exstet
893 2424 917 2468 in
936 2423 996 2468 Cod.
1016 2425 1101 2469 Pith.:
1123 2447 1157 2458 -
1175 2438 1219 2468 nee
1235 2431 1326 2482 potes.

320 2495 375 2552 (72)
393 2492 536 2552 Rotuuleos]
555 2494 682 2550 penultimo
701 2495 785 2552 louge,
806 2507 861 2538 sene
880 2495 931 2538 sine
950 2497 1075 2551 exemplo;
1094 2508 1137 2538 uer
1156 2494 1255 2548 probari
1275 2502 1331 2549 pot-

319 2573 355 2612 est
374 2567 449 2622 Lipsii
464 2564 626 2616 Roinuleeer.
662 2565 753 2608 Verum
771 2565 841 2618 vidit,
862 2564 885 2607 ni
904 2565 974 2614 fillo
993 2564 1087 2623 ,lligler
1104 2576 1259 2620 proponens:
1282 2563 1331 2608 uo.
1399 2587 1400 2610 i

319 2637 447 2688 mulereo,
475 2632 553 2678 iormd
572 2640 626 2678 tune
649 2635 763 2688 temporis
782 2634 891 2689 pluribus
911 2635 1007 2678 usitate.
1056 2631 1113 2691 (73)
1130 2631 1250 2692 tamnu]
1271 2635 1328 2688 Sal·
1399 2619 1400 2692 )

318 2721 381 2750 rrius.
417 2703 472 2764 (74)
490 2705 562 2750 Recte
579 2703 675 2759 Lipsius
695 2704 752 2746 huec
771 2705 804 2747 ito
823 2705 972 2748 emendavit:
989 2717 1085 2762 proque
1099 2705 1174 2760 prole
1188 2702 1328 2760 poster-rim
1399 2709 1400 2774 l

318 2775 417 2820 Romuli
437 2781 551 2833 putrem,
578 2787 622 2830 pro
652 2773 773 2830 utriusque
798 2773 841 2817 Cd.
873 2775 992 2829 scripture
1015 2779 1131 2817 matrem·
1168 2771 1272 2830 „Quin
1298 2789 1330 2818 au
1399 2789 1400 2860 p

319 2861 349 2890 ex
366 2847 454 2900 nuptiis
482 2846 626 2890 Sabinorum
645 2857 698 2887 eum
716 2843 829 2894 Romanis
849 2850 929 2890 orente
944 2849 1021 2896 meter
1039 2841 1183 2888 Romuli?”
1201 2843 1270 2898 Lips.
1296 2866 1327 2876 -
1399 2863 1400 2916 p

314 2930 365 2974 pro
385 2912 515 2973 posteram
536 2914 635 2961 Romuli
656 2915 758 2958 catule:
782 2919 857 2972 paler
872 2914 902 2958 1).
926 2915 1018 2967 lulius,
1044 2927 1121 2972 nspoe
1138 2914 1170 2956 D.
1189 2913 1326 2972 Augustus.
1399 2923 1400 2950 l

319 2987 359 3032 stc
384 2993 407 3031 et
435 2986 492 3031 ntibt
516 2985 660 3030 Octavianus
687 2983 800 3028 Caesaris
827 2997 902 3038 nepos
928 2985 1070 3039 nppellnlur.
1106 2983 1210 3039 Eutrop.
1235 2981 1266 3037 7,
1303 2983 1326 3031 i.

319 3055 429 3100 Schulte.
454 3052 499 3112 (-
524 3055 614 3102 metris
636 3059 735 3098 crearet
761 3059 783 3097 te
809 3059 921 3111 nepotem
944 3049 1094 3109 Caesarem
1121 3049 1220 3108 Moeb.)
1256 3053 1326 3110 Quo.
1399 3065 1400 3092 t

319 3125 390 3168 modo
415 3129 509 3177 nutem,
537 3125 643 3178 inspecte
662 3123 774 3176 Lipsinnu
798 3125 839 3167 illu
857 3124 1054 3182 interrogatione,
1074 3136 1150 3178 nuper
1169 3137 1261 3180 quoque
1283 3127 1325 3167 de-

318 3193 382 3236 fendi
407 3195 512 3248 potuerit
542 3195 611 3238 lectio
635 3198 755 3245 matrem,
787 3195 895 3250 equidem
920 3208 967 3238 nou
992 3195 1114 3250 intelligo:
1145 3207 1201 3238 nem
1230 3207 1275 3236 nee
1294 3196 1323 3238 de

316 3263 371 3307 Rern
387 3263 461 3306 Silvia
479 3278 536 3317 nee,
556 3265 618 3320 quod
637 3263 739 3308 Crusius
757 3265 846 3318 voluit,
875 3265 903 3308 de
921 3264 989 3309 Livia
1007 3277 1028 3308 s.
1066 3263 1127 3306 lulie
1144 3263 1251 3322 Augusta
1279 3277 1323 3307 ex·

316 3333 401 3388 plionri
420 3338 499 3390 potest
516 3347 539 3377 v.
559 3339 648 3378 ruuter.
696 3331 761 3379 Nihil
781 3335 878 3378 omnino
896 3335 1011 3390 impedit,
1035 3345 1081 3390 quo
1099 3333 1180 3378 nriuus
1198 3336 1270 3388 poete
1288 3334 1321 3376 D.

316 3404 404 3447 lulium
422 3407 446 3447 et
462 3403 492 3449 D.
514 3404 659 3462 Augustum,
679 3417 780 3460 quorum
797 3405 901 3448 fortusse
920 3405 992 3450 etiem
1009 3409 1064 3448 tune
1083 3404 1239 3448 culturinter
1255 3401 1321 3448 XX.

309 3474 392 3518 'Divos
410 3473 521 3531 vigebat,
550 3479 614 3518 certe
633 3476 736 3518 nondum
755 3475 778 3518 in
797 3475 942 3518 oblivionem
960 3473 1068 3527 abierat,
1095 3477 1215 3530 tamquam
1231 3473 1321 3527 Populi

316 3544 418 3588 Romani
436 3543 526 3588 Genios
544 3546 660 3588 tutelares
678 3537 716 3588 tto
734 3543 884 3604 significarit.
933 3539 993 3604 (78)
1011 3543 1073 3587 Cum
1089 3544 1207 3597 Pudore,
1235 3541 1323 3601 Splml-

273 3633 277 3654 ι
316 3615 371 3668 zio,
390 3615 422 3659 V.
442 3615 472 3658 D.
492 3613 516 3657 in
534 3613 604 3657 Anat.
630 3612 714 3658 Wollii
732 3616 845 3662 distinxi:
877 3611 967 3668 Hunc,
988 3625 1051 3674 eger
1070 3627 1144 3672 quum
1158 3611 1320 3671 parturiret,

316 3686 374 3742 ipen
387 3697 397 3728 .·
415 3677 522 3746 κλῖμαξ
540 3684 603 3728 enim
621 3685 751 3740 requiritur
769 3685 792 3728 iu
812 3683 978 3742 sequentihus,
998 3698 1045 3728 nou
1063 3676 1225 3734 a'vtffietov.
1259 3682 1320 3727 Pte·

315 3756 384 3812 rique
403 3768 457 3803 eum
474 3753 571 3808 Lipsio:
591 3751 664 3797 Hunc
680 3767 758 3813 eger,
778 3769 852 3813 quum
866 3754 1009 3811 parturiret
1025 3754 1097 3811 ipre,
1116 3753 1228 3810 suscepit
1246 3753 1318 3796 uiue.

317 3825 406 3885 „Ager
425 3839 499 3886 quum
513 3824 655 3881 parturiret
674 3825 735 3866 idem
754 3829 791 3868 est
809 3838 836 3868 uo
853 3837 946 3878 „verno
958 3823 1096 3880 tempore”,
1116 3829 1140 3867 et
1156 3823 1217 3870 sinu
1232 3836 1319 3868 ruere-

315 3897 354 3950 pit
381 3896 504 3950 aptissime
529 3895 574 3940 dici
601 3897 680 3949 potest
703 3893 731 3938 de
759 3895 829 3938 modo
854 3895 915 3938 nelis
939 3894 1041 3947 liberis¹
1073 3893 1112 3950 qui
1137 3896 1189 3940 sinu
1208 3893 1319 3938 foventur

316 3971 385 4023 etque
404 3966 525 4012 etuutu1·.”
561 3964 670 4012 schulze.
708 3960 762 4018 (81)
782 3963 1007 4024 explicantem]
1032 3967 1134 4012 Salmas.
1171 3965 1245 4021 (Mire
1263 3977 1320 4008 cor·
