<?xml version="1.0" encoding="UTF-8"?>
<!DOCTYPE html PUBLIC "-//W3C//DTD XHTML 1.0 Transitional//EN"
    "http://www.w3.org/TR/xhtml1/DTD/xhtml1-transitional.dtd">
<html xmlns="http://www.w3.org/1999/xhtml" xml:lang="en" lang="en">
 <head>
  <title>
</title>
<meta http-equiv="Content-Type" content="text/html;charset=utf-8" />
  <meta name='ocr-system' content='tesseract 3.04.00' />
  <meta name='ocr-capabilities' content='ocr_page ocr_carea ocr_par ocr_line ocrx_word'/>
</head>
<body>
  <div class='ocr_page' id='page_1' title='image "./phaedriaugliber00phaegoog_0194.png"; bbox 0 0 2776 4718; ppageno 0'>
   <div class='ocr_carea' id='block_1_1' title="bbox 9 494 1068 2234">
    <p class='ocr_par' dir='ltr' id='par_1_1' title="bbox 62 494 983 580">
     <span class='ocr_line' id='line_1_1' title="bbox 62 494 983 580; baseline 0.002 -21"><span class='ocrx_word' id='word_1_1' title='bbox 62 495 228 580; x_wconf 82' lang='lat' dir='ltr'>Nullaque</span> <span class='ocrx_word' id='word_1_2' title='bbox 250 517 316 560; x_wconf 88' lang='lat' dir='ltr'>nox</span> <span class='ocrx_word' id='word_1_3' title='bbox 338 494 388 560; x_wconf 87' lang='lat' dir='ltr'>bis</span> <span class='ocrx_word' id='word_1_4' title='bbox 410 507 499 560; x_wconf 84' lang='lat' dir='ltr'>terna</span> <span class='ocrx_word' id='word_1_5' title='bbox 522 496 625 562; x_wconf 87' lang='lat' dir='ltr'>minus</span> <span class='ocrx_word' id='word_1_6' title='bbox 647 498 739 562; x_wconf 85' lang='lat' dir='ltr'>eaelo</span> <span class='ocrx_word' id='word_1_7' title='bbox 761 497 859 561; x_wconf 84' lang='lat' dir='ltr'>trahit</span> <span class='ocrx_word' id='word_1_8' title='bbox 880 505 983 572; x_wconf 80' lang='lat' dir='ltr'>astra3</span> 
     </span>
    </p>

    <p class='ocr_par' dir='ltr' id='par_1_2' title="bbox 60 594 1048 684">
     <span class='ocr_line' id='line_1_2' title="bbox 60 594 1048 684; baseline 0 -22"><span class='ocrx_word' id='word_1_9' title='bbox 60 601 227 681; x_wconf 83' lang='lat' dir='ltr'>Nullaque</span> <span class='ocrx_word' id='word_1_10' title='bbox 250 601 351 663; x_wconf 88' lang='lat' dir='ltr'>maior</span> <span class='ocrx_word' id='word_1_11' title='bbox 373 594 458 677; x_wconf 82' lang='lat' dir='ltr'>erit,¹</span> <span class='ocrx_word' id='word_1_12' title='bbox 475 623 567 684; x_wconf 89' lang='lat' dir='ltr'>quam</span> <span class='ocrx_word' id='word_1_13' title='bbox 591 615 709 684; x_wconf 75' lang='lat' dir='ltr'>quiante</span> <span class='ocrx_word' id='word_1_14' title='bbox 732 601 931 684; x_wconf 81' lang='lat' dir='ltr'>temporem</span> <span class='ocrx_word' id='word_1_15' title='bbox 954 621 1048 670; x_wconf 87' lang='lat' dir='ltr'>auras</span> 
     </span>
    </p>

    <p class='ocr_par' dir='ltr' id='par_1_3' title="bbox 61 703 1068 890">
     <span class='ocr_line' id='line_1_3' title="bbox 61 703 1068 784; baseline -0.001 -18"><span class='ocrx_word' id='word_1_16' title='bbox 61 703 163 766; x_wconf 80' lang='lat' dir='ltr'><strong>Orbis</strong></span> <span class='ocrx_word' id='word_1_17' title='bbox 185 703 321 784; x_wconf 84' lang='lat' dir='ltr'>perlecti</span> <span class='ocrx_word' id='word_1_18' title='bbox 343 703 462 765; x_wconf 83' lang='lat' dir='ltr'>divisus</span> <span class='ocrx_word' id='word_1_19' title='bbox 484 704 609 766; x_wconf 87' lang='lat' dir='ltr'>tollitur</span> <span class='ocrx_word' id='word_1_20' title='bbox 631 725 736 766; x_wconf 86' lang='lat' dir='ltr'>arcus.</span> <span class='ocrx_word' id='word_1_21' title='bbox 1007 705 1068 769; x_wconf 89' lang='grc'>575</span> 
     </span>
     <span class='ocr_line' id='line_1_4' title="bbox 104 799 984 890; baseline 0.003 -22"><span class='ocrx_word' id='word_1_22' title='bbox 104 809 210 887; x_wconf 83' lang='lat' dir='ltr'>Saepe</span> <span class='ocrx_word' id='word_1_23' title='bbox 231 807 312 868; x_wconf 85' lang='lat' dir='ltr'>velis</span> <span class='ocrx_word' id='word_1_24' title='bbox 335 819 484 889; x_wconf 84' lang='lat' dir='ltr'>quantum</span> <span class='ocrx_word' id='word_1_25' title='bbox 508 819 638 888; x_wconf 88' lang='lat' dir='ltr'>superet</span> <span class='ocrx_word' id='word_1_26' title='bbox 661 827 860 890; x_wconf 83' lang='lat' dir='ltr'>cognoscere</span> <span class='ocrx_word' id='word_1_27' title='bbox 882 799 984 872; x_wconf 81' lang='lat' dir='ltr'>noetis</span> 
     </span>
    </p>

    <p class='ocr_par' dir='ltr' id='par_1_4' title="bbox 58 909 751 990">
     <span class='ocr_line' id='line_1_5' title="bbox 58 909 751 990; baseline 0.003 -20"><span class='ocrx_word' id='word_1_28' title='bbox 58 910 106 970; x_wconf 89' lang='lat' dir='ltr'>Et</span> <span class='ocrx_word' id='word_1_29' title='bbox 128 930 185 990; x_wconf 89' lang='lat' dir='ltr'>spe</span> <span class='ocrx_word' id='word_1_30' title='bbox 210 919 362 974; x_wconf 85' lang='lat' dir='ltr'>venturae</span> <span class='ocrx_word' id='word_1_31' title='bbox 384 910 483 971; x_wconf 89' lang='lat' dir='ltr'>solari</span> <span class='ocrx_word' id='word_1_32' title='bbox 504 909 640 990; x_wconf 80' lang='lat' dir='ltr'>pectora</span> <span class='ocrx_word' id='word_1_33' title='bbox 661 911 751 972; x_wconf 85' lang='lat' dir='ltr'>lucis.</span> 
     </span>
    </p>

    <p class='ocr_par' dir='ltr' id='par_1_5' title="bbox 9 1011 926 1096">
     <span class='ocr_line' id='line_1_6' title="bbox 9 1011 926 1096; baseline 0.002 -21"><span class='ocrx_word' id='word_1_34' title='bbox 9 1029 10 1034; x_wconf 74' lang='grc'>’</span> <span class='ocrx_word' id='word_1_35' title='bbox 58 1013 172 1075; x_wconf 89' lang='lat' dir='ltr'>Prima</span> <span class='ocrx_word' id='word_1_36' title='bbox 194 1011 251 1072; x_wconf 90' lang='lat' dir='ltr'>tibi</span> <span class='ocrx_word' id='word_1_37' title='bbox 274 1025 348 1074; x_wconf 79' lang='lat' dir='ltr'>nola</span> <span class='ocrx_word' id='word_1_38' title='bbox 372 1013 456 1074; x_wconf 88' lang='lat' dir='ltr'>Solis</span> <span class='ocrx_word' id='word_1_39' title='bbox 481 1011 562 1084; x_wconf 87' lang='lat' dir='ltr'>erit,</span> <span class='ocrx_word' id='word_1_40' title='bbox 588 1034 653 1096; x_wconf 91' lang='lat' dir='ltr'>quo</span> <span class='ocrx_word' id='word_1_41' title='bbox 674 1011 779 1075; x_wconf 78' lang='lat' dir='ltr'><strong>sidere</strong></span> <span class='ocrx_word' id='word_1_42' title='bbox 802 1026 926 1088; x_wconf 57' lang='lat' dir='ltr'>curram</span> 
     </span>
    </p>

    <p class='ocr_par' dir='ltr' id='par_1_6' title="bbox 61 1113 917 1200">
     <span class='ocr_line' id='line_1_7' title="bbox 61 1113 917 1200; baseline 0.005 -24"><span class='ocrx_word' id='word_1_43' title='bbox 61 1117 200 1200; x_wconf 84' lang='lat' dir='ltr'>Semper</span> <span class='ocrx_word' id='word_1_44' title='bbox 222 1115 305 1178; x_wconf 82' lang='lat' dir='ltr'>enirn</span> <span class='ocrx_word' id='word_1_45' title='bbox 327 1113 421 1199; x_wconf 82' lang='lat' dir='ltr'>signo</span> <span class='ocrx_word' id='word_1_46' title='bbox 445 1116 599 1178; x_wconf 89' lang='lat' dir='ltr'>Phoebus</span> <span class='ocrx_word' id='word_1_47' title='bbox 622 1115 757 1178; x_wconf 83' lang='lat' dir='ltr'>radiabit</span> <span class='ocrx_word' id='word_1_48' title='bbox 779 1115 809 1178; x_wconf 94' lang='lat' dir='ltr'>in</span> <span class='ocrx_word' id='word_1_49' title='bbox 832 1137 917 1180; x_wconf 87' lang='lat' dir='ltr'>uno:</span> 
     </span>
    </p>

    <p class='ocr_par' dir='ltr' id='par_1_7' title="bbox 60 1201 1067 1300">
     <span class='ocr_line' id='line_1_8' title="bbox 60 1201 1067 1300; baseline 0.001 -19"><span class='ocrx_word' id='word_1_50' title='bbox 60 1205 182 1281; x_wconf 82' lang='lat' dir='ltr'>Cetera</span> <span class='ocrx_word' id='word_1_51' title='bbox 205 1229 270 1278; x_wconf 88' lang='lat' dir='ltr'>tum</span> <span class='ocrx_word' id='word_1_52' title='bbox 292 1201 434 1299; x_wconf 70' lang='lat' dir='ltr'>prepriis</span> <span class='ocrx_word' id='word_1_53' title='bbox 458 1219 597 1280; x_wconf 85' lang='lat' dir='ltr'>ardentia</span> <span class='ocrx_word' id='word_1_54' title='bbox 620 1219 744 1300; x_wconf 82' lang='lat' dir='ltr'>suspice</span> <span class='ocrx_word' id='word_1_55' title='bbox 767 1220 917 1298; x_wconf 83' lang='lat' dir='ltr'>flammis,</span> <span class='ocrx_word' id='word_1_56' title='bbox 1005 1220 1067 1282; x_wconf 89' lang='grc'>580</span> 
     </span>
    </p>

    <p class='ocr_par' dir='ltr' id='par_1_8' title="bbox 60 1321 988 1404">
     <span class='ocr_line' id='line_1_9' title="bbox 60 1321 988 1404; baseline 0.002 -22"><span class='ocrx_word' id='word_1_57' title='bbox 60 1321 163 1400; x_wconf 84' lang='lat' dir='ltr'>Quod</span> <span class='ocrx_word' id='word_1_58' title='bbox 184 1324 276 1382; x_wconf 85' lang='lat' dir='ltr'>cadat</span> <span class='ocrx_word' id='word_1_59' title='bbox 298 1333 351 1382; x_wconf 79' lang='lat' dir='ltr'>anit</span> <span class='ocrx_word' id='word_1_60' title='bbox 373 1332 484 1404; x_wconf 82' lang='lat' dir='ltr'>surgat</span> <span class='ocrx_word' id='word_1_61' title='bbox 506 1343 670 1384; x_wconf 86' lang='lat' dir='ltr'>summove</span> <span class='ocrx_word' id='word_1_62' title='bbox 693 1323 815 1385; x_wconf 81' lang='lat' dir='ltr'>seratur</span> <span class='ocrx_word' id='word_1_63' title='bbox 837 1324 868 1386; x_wconf 89' lang='lat' dir='ltr'>in</span> <span class='ocrx_word' id='word_1_64' title='bbox 892 1325 988 1398; x_wconf 88' lang='lat' dir='ltr'>orbe,</span> 
     </span>
    </p>

    <p class='ocr_par' dir='ltr' id='par_1_9' title="bbox 61 1423 1023 1510">
     <span class='ocr_line' id='line_1_10' title="bbox 61 1423 1023 1510; baseline 0.002 -25"><span class='ocrx_word' id='word_1_65' title='bbox 61 1425 257 1506; x_wconf 82' lang='lat' dir='ltr'>Quantoque</span> <span class='ocrx_word' id='word_1_66' title='bbox 280 1423 425 1485; x_wconf 82' lang='lat' dir='ltr'>exsiliant</span> <span class='ocrx_word' id='word_1_67' title='bbox 446 1423 567 1505; x_wconf 83' lang='lat' dir='ltr'>spatio,</span> <span class='ocrx_word' id='word_1_68' title='bbox 593 1447 689 1508; x_wconf 92' lang='lat' dir='ltr'>quum</span> <span class='ocrx_word' id='word_1_69' title='bbox 711 1425 838 1490; x_wconf 85' lang='lat' dir='ltr'>caerula</span> <span class='ocrx_word' id='word_1_70' title='bbox 859 1425 1023 1510; x_wconf 89' lang='lat' dir='ltr'>linquuut;</span> 
     </span>
    </p>

    <p class='ocr_par' dir='ltr' id='par_1_10' title="bbox 59 1527 919 1611">
     <span class='ocr_line' id='line_1_11' title="bbox 59 1527 919 1611; baseline 0.002 -22"><span class='ocrx_word' id='word_1_71' title='bbox 59 1530 209 1611; x_wconf 83' lang='lat' dir='ltr'>Namque</span> <span class='ocrx_word' id='word_1_72' title='bbox 232 1527 300 1589; x_wconf 87' lang='lat' dir='ltr'>aliis</span> <span class='ocrx_word' id='word_1_73' title='bbox 323 1527 439 1608; x_wconf 83' lang='lat' dir='ltr'>pernix</span> <span class='ocrx_word' id='word_1_74' title='bbox 462 1528 581 1602; x_wconf 85' lang='lat' dir='ltr'>saltus,</span> <span class='ocrx_word' id='word_1_75' title='bbox 608 1528 726 1590; x_wconf 87' lang='lat' dir='ltr'>maiore</span> <span class='ocrx_word' id='word_1_76' title='bbox 749 1530 919 1591; x_wconf 84' lang='lat' dir='ltr'>trahuntur</span> 
     </span>
    </p>

    <p class='ocr_par' dir='ltr' id='par_1_11' title="bbox 31 1629 883 1714">
     <span class='ocr_line' id='line_1_12' title="bbox 31 1629 883 1714; baseline 0.001 -22"><span class='ocrx_word' id='word_1_77' title='bbox 31 1677 34 1682; x_wconf 83' lang='lat'><em>-</em></span> <span class='ocrx_word' id='word_1_78' title='bbox 59 1631 158 1694; x_wconf 89' lang='lat' dir='ltr'>Mole</span> <span class='ocrx_word' id='word_1_79' title='bbox 180 1630 255 1705; x_wconf 87' lang='lat' dir='ltr'>alia,</span> <span class='ocrx_word' id='word_1_80' title='bbox 282 1631 445 1694; x_wconf 83' lang='lat' dir='ltr'>Oceanum</span> <span class='ocrx_word' id='word_1_81' title='bbox 467 1631 559 1692; x_wconf 88' lang='lat' dir='ltr'>tardo</span> <span class='ocrx_word' id='word_1_82' title='bbox 581 1629 752 1714; x_wconf 87' lang='lat' dir='ltr'>linquentia</span> <span class='ocrx_word' id='word_1_83' title='bbox 774 1653 883 1713; x_wconf 89' lang='lat' dir='ltr'>passu.</span> 
     </span>
    </p>

    <p class='ocr_par' dir='ltr' id='par_1_12' title="bbox 60 1725 1065 1814">
     <span class='ocr_line' id='line_1_13' title="bbox 60 1725 1065 1814; baseline 0.002 -18"><span class='ocrx_word' id='word_1_84' title='bbox 60 1735 161 1814; x_wconf 88' lang='lat' dir='ltr'>Quod</span> <span class='ocrx_word' id='word_1_85' title='bbox 181 1733 209 1796; x_wconf 86' lang='lat' dir='ltr'>si</span> <span class='ocrx_word' id='word_1_86' title='bbox 231 1736 314 1796; x_wconf 89' lang='lat' dir='ltr'>nube</span> <span class='ocrx_word' id='word_1_87' title='bbox 337 1755 414 1795; x_wconf 83' lang='lat' dir='ltr'>cava</span> <span class='ocrx_word' id='word_1_88' title='bbox 438 1733 521 1796; x_wconf 87' lang='lat' dir='ltr'>Solis</span> <span class='ocrx_word' id='word_1_89' title='bbox 545 1733 593 1795; x_wconf 89' lang='lat' dir='ltr'>via</span> <span class='ocrx_word' id='word_1_90' title='bbox 615 1734 702 1796; x_wconf 87' lang='lat' dir='ltr'>forte</span> <span class='ocrx_word' id='word_1_91' title='bbox 724 1733 852 1810; x_wconf 85' lang='lat' dir='ltr'>latebit,</span> <span class='ocrx_word' id='word_1_92' title='bbox 962 1793 971 1812; x_wconf 80' lang='grc'>,</span> <span class='ocrx_word' id='word_1_93' title='bbox 1005 1725 1065 1798; x_wconf 83' lang='grc'>585</span> 
     </span>
    </p>

    <p class='ocr_par' dir='ltr' id='par_1_13' title="bbox 61 1837 951 1921">
     <span class='ocr_line' id='line_1_14' title="bbox 61 1837 951 1921; baseline -0.003 -19"><span class='ocrx_word' id='word_1_94' title='bbox 61 1837 202 1902; x_wconf 84' lang='lat' dir='ltr'>Ocoulet</span> <span class='ocrx_word' id='word_1_95' title='bbox 225 1849 278 1898; x_wconf 87' lang='lat' dir='ltr'>aut</span> <span class='ocrx_word' id='word_1_96' title='bbox 299 1837 424 1921; x_wconf 85' lang='lat' dir='ltr'>signum</span> <span class='ocrx_word' id='word_1_97' title='bbox 446 1839 663 1899; x_wconf 78' lang='lat' dir='ltr'>conscendens</span> <span class='ocrx_word' id='word_1_98' title='bbox 687 1837 806 1900; x_wconf 84' lang='lat' dir='ltr'>vertice</span> <span class='ocrx_word' id='word_1_99' title='bbox 828 1838 951 1900; x_wconf 88' lang='lat' dir='ltr'>caelum</span> 
     </span>
    </p>

    <p class='ocr_par' dir='ltr' id='par_1_14' title="bbox 60 1939 954 2018">
     <span class='ocr_line' id='line_1_15' title="bbox 60 1939 954 2018; baseline 0.002 -16"><span class='ocrx_word' id='word_1_100' title='bbox 60 1941 290 2004; x_wconf 86' lang='lat' dir='ltr'>Altus&#39;Alhos</span> <span class='ocrx_word' id='word_1_101' title='bbox 313 1939 365 2002; x_wconf 86' lang='lat' dir='ltr'>vel</span> <span class='ocrx_word' id='word_1_102' title='bbox 390 1939 524 2018; x_wconf 86' lang='lat' dir='ltr'>Cyllene</span> <span class='ocrx_word' id='word_1_103' title='bbox 547 1941 596 2004; x_wconf 82' lang='lat' dir='ltr'>vel</span> <span class='ocrx_word' id='word_1_104' title='bbox 620 1941 769 2016; x_wconf 78' lang='lat' dir='ltr'>candidus</span> <span class='ocrx_word' id='word_1_105' title='bbox 792 1943 954 2018; x_wconf 83' lang='lat' dir='ltr'>Haemus,</span> 
     </span>
    </p>

    <p class='ocr_par' dir='ltr' id='par_1_15' title="bbox 61 2043 945 2130">
     <span class='ocr_line' id='line_1_16' title="bbox 61 2043 945 2130; baseline 0.005 -25"><span class='ocrx_word' id='word_1_106' title='bbox 61 2046 235 2128; x_wconf 81' lang='lat' dir='ltr'>Garganou</span> <span class='ocrx_word' id='word_1_107' title='bbox 258 2055 312 2106; x_wconf 86' lang='lat' dir='ltr'>aut</span> <span class='ocrx_word' id='word_1_108' title='bbox 333 2043 391 2105; x_wconf 91' lang='lat' dir='ltr'>Ide</span> <span class='ocrx_word' id='word_1_109' title='bbox 414 2043 588 2124; x_wconf 88' lang='lat' dir='ltr'>Superisve</span> <span class='ocrx_word' id='word_1_110' title='bbox 612 2045 748 2130; x_wconf 85' lang='lat' dir='ltr'>agitatus</span> <span class='ocrx_word' id='word_1_111' title='bbox 771 2045 945 2126; x_wconf 88' lang='lat' dir='ltr'>Olympus,</span> 
     </span>
    </p>

    <p class='ocr_par' dir='ltr' id='par_1_16' title="bbox 63 2133 891 2234">
     <span class='ocr_line' id='line_1_17' title="bbox 63 2133 891 2234; baseline 0.004 -25"><span class='ocrx_word' id='word_1_112' title='bbox 63 2149 157 2210; x_wconf 87' lang='lat' dir='ltr'>Tunc</span> <span class='ocrx_word' id='word_1_113' title='bbox 179 2149 294 2234; x_wconf 74' lang='lat' dir='ltr'>dextra</span> <span class='ocrx_word' id='word_1_114' title='bbox 315 2147 470 2230; x_wconf 84' lang='lat' dir='ltr'>laevaque</span> <span class='ocrx_word' id='word_1_115' title='bbox 492 2147 583 2210; x_wconf 85' lang='lat' dir='ltr'>sirunl</span> <span class='ocrx_word' id='word_1_116' title='bbox 605 2133 770 2212; x_wconf 83' lang='lat' dir='ltr'>redeuntia</span> <span class='ocrx_word' id='word_1_117' title='bbox 792 2149 891 2234; x_wconf 85' lang='lat' dir='ltr'>signis</span> 
     </span>
    </p>
   </div>
   <div class='ocr_carea' id='block_1_2' title="bbox 58 2349 1123 4086">
    <p class='ocr_par' dir='ltr' id='par_1_17' title="bbox 58 2349 1123 4086">
     <span class='ocr_line' id='line_1_18' title="bbox 60 2349 1067 2412; baseline 0.007 -18"><span class='ocrx_word' id='word_1_118' title='bbox 60 2350 181 2410; x_wconf 78' lang='lat' dir='ltr'><strong>BEGgsb.</strong></span> <span class='ocrx_word' id='word_1_119' title='bbox 202 2363 232 2394; x_wconf 84' lang='lat' dir='ltr'>ex</span> <span class='ocrx_word' id='word_1_120' title='bbox 250 2350 365 2406; x_wconf 83' lang='lat' dir='ltr'>interpol.</span> <span class='ocrx_word' id='word_1_121' title='bbox 385 2349 447 2394; x_wconf 82' lang='lat' dir='ltr'>farta</span> <span class='ocrx_word' id='word_1_122' title='bbox 467 2355 565 2405; x_wconf 82' lang='lat' dir='ltr'>propter</span> <span class='ocrx_word' id='word_1_123' title='bbox 589 2351 707 2398; x_wconf 79' lang='lat' dir='ltr'>defectum</span> <span class='ocrx_word' id='word_1_124' title='bbox 732 2367 810 2398; x_wconf 80' lang='lat' dir='ltr'>veras.</span> <span class='ocrx_word' id='word_1_125' title='bbox 830 2356 956 2408; x_wconf 78' lang='lat' dir='ltr'>praeeedd.</span> <span class='ocrx_word' id='word_1_126' title='bbox 994 2352 1067 2412; x_wconf 86' lang='grc'><strong>(576)</strong></span> 
     </span>
     <span class='ocr_line' id='line_1_19' title="bbox 60 2417 1067 2482; baseline 0.004 -18"><span class='ocrx_word' id='word_1_127' title='bbox 60 2417 154 2478; x_wconf 77' lang='lat' dir='ltr'>noetis]</span> <span class='ocrx_word' id='word_1_128' title='bbox 173 2419 291 2477; x_wconf 75' lang='lat' dir='ltr'>BEGgsh.</span> <span class='ocrx_word' id='word_1_129' title='bbox 313 2441 343 2450; x_wconf 99' lang='lat'>-</span> <span class='ocrx_word' id='word_1_130' title='bbox 362 2420 476 2464; x_wconf 76' lang='lat' dir='ltr'>nectibus</span> <span class='ocrx_word' id='word_1_131' title='bbox 496 2425 524 2465; x_wconf 90' lang='lat' dir='ltr'>A.</span> <span class='ocrx_word' id='word_1_132' title='bbox 571 2418 644 2476; x_wconf 87' lang='grc'><strong>(577)</strong></span> <span class='ocrx_word' id='word_1_133' title='bbox 670 2420 798 2482; x_wconf 78' lang='lat' dir='ltr'>venturae]</span> <span class='ocrx_word' id='word_1_134' title='bbox 817 2423 892 2482; x_wconf 80' lang='lat' dir='ltr'><strong>Agsb.</strong></span> <span class='ocrx_word' id='word_1_135' title='bbox 912 2448 944 2460; x_wconf 90' lang='lat'>—</span> <span class='ocrx_word' id='word_1_136' title='bbox 963 2431 1067 2472; x_wconf 78' lang='lat' dir='ltr'>venturu</span> 
     </span>
     <span class='ocr_line' id='line_1_20' title="bbox 60 2485 1094 2552; baseline 0.003 -18"><span class='ocrx_word' id='word_1_137' title='bbox 60 2491 109 2535; x_wconf 84' lang='lat' dir='ltr'>BE.</span> <span class='ocrx_word' id='word_1_138' title='bbox 132 2489 182 2550; x_wconf 86' lang='lat' dir='ltr'>(De</span> <span class='ocrx_word' id='word_1_139' title='bbox 202 2490 232 2534; x_wconf 93' lang='lat' dir='ltr'>G.</span> <span class='ocrx_word' id='word_1_140' title='bbox 253 2504 300 2533; x_wconf 93' lang='lat' dir='ltr'>non</span> <span class='ocrx_word' id='word_1_141' title='bbox 322 2491 380 2533; x_wconf 86' lang='lat' dir='ltr'>satis</span> <span class='ocrx_word' id='word_1_142' title='bbox 401 2493 517 2546; x_wconf 77' lang='lat' dir='ltr'>constat.)</span> <span class='ocrx_word' id='word_1_143' title='bbox 561 2485 637 2552; x_wconf 84' lang='grc'><strong>(578)</strong></span> <span class='ocrx_word' id='word_1_144' title='bbox 656 2515 688 2526; x_wconf 86' lang='lat'>-··</span> <span class='ocrx_word' id='word_1_145' title='bbox 707 2492 772 2551; x_wconf 86' lang='lat' dir='ltr'>quod</span> <span class='ocrx_word' id='word_1_146' title='bbox 794 2493 824 2536; x_wconf 94' lang='lat' dir='ltr'>A.</span> <span class='ocrx_word' id='word_1_147' title='bbox 863 2492 950 2551; x_wconf 86' lang='lat' dir='ltr'>(lbid.)</span> <span class='ocrx_word' id='word_1_148' title='bbox 969 2492 1066 2552; x_wconf 79' lang='lat' dir='ltr'>curret]</span> <span class='ocrx_word' id='word_1_149' title='bbox 1092 2527 1094 2530; x_wconf 79' lang='lat'><strong>.</strong></span> 
     </span>
     <span class='ocr_line' id='line_1_21' title="bbox 60 2555 1068 2624; baseline 0.002 -18"><span class='ocrx_word' id='word_1_150' title='bbox 60 2561 161 2620; x_wconf 79' lang='lat' dir='ltr'><strong>EGgsb.</strong></span> <span class='ocrx_word' id='word_1_151' title='bbox 188 2583 221 2594; x_wconf 86' lang='lat'>-</span> <span class='ocrx_word' id='word_1_152' title='bbox 249 2559 334 2604; x_wconf 78' lang='lat' dir='ltr'>curret</span> <span class='ocrx_word' id='word_1_153' title='bbox 356 2555 404 2614; x_wconf 70' lang='lat' dir='ltr'>A,</span> <span class='ocrx_word' id='word_1_154' title='bbox 436 2562 483 2604; x_wconf 84' lang='lat' dir='ltr'>sed·</span> <span class='ocrx_word' id='word_1_155' title='bbox 499 2573 621 2614; x_wconf 79' lang='lat' dir='ltr'>superari.</span> <span class='ocrx_word' id='word_1_156' title='bbox 642 2575 666 2606; x_wconf 86' lang='grc' dir='ltr'>α.</span> <span class='ocrx_word' id='word_1_157' title='bbox 689 2583 718 2593; x_wconf 91' lang='lat'>—-</span> <span class='ocrx_word' id='word_1_158' title='bbox 738 2563 820 2606; x_wconf 74' lang='lat' dir='ltr'>currit</span> <span class='ocrx_word' id='word_1_159' title='bbox 833 2563 863 2606; x_wconf 86' lang='lat' dir='ltr'>B.</span> <span class='ocrx_word' id='word_1_160' title='bbox 901 2561 972 2618; x_wconf 82' lang='grc'><strong>(579)</strong></span> <span class='ocrx_word' id='word_1_161' title='bbox 991 2565 1068 2624; x_wconf 77' lang='lat' dir='ltr'>signo</span> 
     </span>
     <span class='ocr_line' id='line_1_22' title="bbox 60 2626 1066 2690; baseline 0.002 -15"><span class='ocrx_word' id='word_1_162' title='bbox 60 2629 184 2688; x_wconf 73' lang='lat' dir='ltr'>Phoebus]</span> <span class='ocrx_word' id='word_1_163' title='bbox 204 2630 235 2674; x_wconf 74' lang='lat' dir='ltr'>A:</span> <span class='ocrx_word' id='word_1_164' title='bbox 257 2640 288 2672; x_wconf 87' lang='lat'>=</span> <span class='ocrx_word' id='word_1_165' title='bbox 308 2626 421 2673; x_wconf 78' lang='lat' dir='ltr'>Phoebus</span> <span class='ocrx_word' id='word_1_166' title='bbox 437 2629 641 2689; x_wconf 76' lang='lat' dir='ltr'>sigeroBEGgsb.</span> <span class='ocrx_word' id='word_1_167' title='bbox 679 2630 766 2690; x_wconf 81' lang='lat' dir='ltr'>(lbitl.)</span> <span class='ocrx_word' id='word_1_168' title='bbox 785 2629 956 2690; x_wconf 77' lang='lat' dir='ltr'>radiabitJSir</span> <span class='ocrx_word' id='word_1_169' title='bbox 969 2636 1066 2688; x_wconf 80' lang='lat' dir='ltr'>scripsi.</span> 
     </span>
     <span class='ocr_line' id='line_1_23' title="bbox 59 2699 1064 2760; baseline 0.003 -16"><span class='ocrx_word' id='word_1_170' title='bbox 59 2722 93 2735; x_wconf 91' lang='lat'><em>-</em></span> <span class='ocrx_word' id='word_1_171' title='bbox 110 2699 223 2744; x_wconf 74' lang='lat' dir='ltr'>radiarit</span> <span class='ocrx_word' id='word_1_172' title='bbox 246 2699 277 2742; x_wconf 91' lang='lat' dir='ltr'>A.</span> <span class='ocrx_word' id='word_1_173' title='bbox 310 2721 339 2732; x_wconf 94' lang='lat'>—</span> <span class='ocrx_word' id='word_1_174' title='bbox 372 2699 499 2744; x_wconf 74' lang='lat' dir='ltr'>radiantis</span> <span class='ocrx_word' id='word_1_175' title='bbox 520 2700 609 2759; x_wconf 82' lang='lat' dir='ltr'><strong>BEGg.</strong></span> <span class='ocrx_word' id='word_1_176' title='bbox 637 2723 666 2733; x_wconf 99' lang='lat'>-</span> <span class='ocrx_word' id='word_1_177' title='bbox 692 2701 859 2755; x_wconf 65' lang='lat' dir='ltr'>radiatum</span> <span class='ocrx_word' id='word_1_178' title='bbox 888 2715 914 2760; x_wconf 75' lang='lat' dir='ltr'>g.</span> <span class='ocrx_word' id='word_1_179' title='bbox 940 2703 1003 2746; x_wconf 86' lang='lat' dir='ltr'>coni.</span> <span class='ocrx_word' id='word_1_180' title='bbox 1028 2703 1064 2748; x_wconf 88' lang='lat' dir='ltr'>sb.</span> 
     </span>
     <span class='ocr_line' id='line_1_24' title="bbox 61 2767 1068 2833; baseline -0.001 -15"><span class='ocrx_word' id='word_1_181' title='bbox 61 2769 134 2826; x_wconf 85' lang='grc'><strong>(580)</strong></span> <span class='ocrx_word' id='word_1_182' title='bbox 153 2767 279 2828; x_wconf 77' lang='lat' dir='ltr'>propriis]</span> <span class='ocrx_word' id='word_1_183' title='bbox 298 2769 328 2812; x_wconf 97' lang='lat' dir='ltr'>A.</span> <span class='ocrx_word' id='word_1_184' title='bbox 343 2791 372 2802; x_wconf 92' lang='lat'><em>-</em></span> <span class='ocrx_word' id='word_1_185' title='bbox 383 2770 472 2827; x_wconf 76' lang='lat' dir='ltr'>proris</span> <span class='ocrx_word' id='word_1_186' title='bbox 488 2769 577 2830; x_wconf 79' lang='lat' dir='ltr'><strong>BEGg.</strong></span> <span class='ocrx_word' id='word_1_187' title='bbox 598 2795 631 2805; x_wconf 92' lang='lat'>——</span> <span class='ocrx_word' id='word_1_188' title='bbox 644 2773 736 2829; x_wconf 76' lang='lat' dir='ltr'>pronis</span> <span class='ocrx_word' id='word_1_189' title='bbox 749 2773 776 2815; x_wconf 81' lang='lat' dir='ltr'>du</span> <span class='ocrx_word' id='word_1_190' title='bbox 789 2784 814 2830; x_wconf 79' lang='lat' dir='ltr'>g.</span> <span class='ocrx_word' id='word_1_191' title='bbox 831 2774 895 2816; x_wconf 87' lang='lat' dir='ltr'>coni.</span> <span class='ocrx_word' id='word_1_192' title='bbox 916 2771 954 2816; x_wconf 89' lang='lat' dir='ltr'>sb.</span> <span class='ocrx_word' id='word_1_193' title='bbox 974 2770 1068 2833; x_wconf 84' lang='lat' dir='ltr'>(lbid.)</span> 
     </span>
     <span class='ocr_line' id='line_1_25' title="bbox 60 2837 1064 2900; baseline 0 -14"><span class='ocrx_word' id='word_1_194' title='bbox 60 2837 174 2898; x_wconf 77' lang='lat' dir='ltr'>auspice]</span> <span class='ocrx_word' id='word_1_195' title='bbox 193 2839 243 2884; x_wconf 81' lang='lat' dir='ltr'>BE.</span> <span class='ocrx_word' id='word_1_196' title='bbox 262 2841 298 2894; x_wconf 90' lang='lat' dir='ltr'>(ut</span> <span class='ocrx_word' id='word_1_197' title='bbox 317 2842 410 2884; x_wconf 85' lang='lat' dir='ltr'>emend.</span> <span class='ocrx_word' id='word_1_198' title='bbox 427 2839 464 2898; x_wconf 78' lang='lat' dir='ltr'>g.)</span> <span class='ocrx_word' id='word_1_199' title='bbox 482 2841 520 2886; x_wconf 82' lang='lat' dir='ltr'>ab.</span> <span class='ocrx_word' id='word_1_200' title='bbox 542 2861 571 2873; x_wconf 91' lang='lat'>-</span> <span class='ocrx_word' id='word_1_201' title='bbox 592 2843 693 2899; x_wconf 77' lang='lat' dir='ltr'>aaarripe</span> <span class='ocrx_word' id='word_1_202' title='bbox 712 2841 781 2900; x_wconf 81' lang='lat' dir='ltr'><strong>AGg.</strong></span> <span class='ocrx_word' id='word_1_203' title='bbox 819 2840 858 2897; x_wconf 87' lang='lat' dir='ltr'>(ln</span> <span class='ocrx_word' id='word_1_204' title='bbox 879 2842 910 2885; x_wconf 90' lang='lat' dir='ltr'>A.</span> <span class='ocrx_word' id='word_1_205' title='bbox 930 2855 944 2885; x_wconf 82' lang='lat' dir='ltr'>n</span> <span class='ocrx_word' id='word_1_206' title='bbox 963 2855 1011 2886; x_wconf 84' lang='lat' dir='ltr'>sec.</span> <span class='ocrx_word' id='word_1_207' title='bbox 1031 2857 1064 2886; x_wconf 90' lang='lat' dir='ltr'>m.</span> 
     </span>
     <span class='ocr_line' id='line_1_26' title="bbox 60 2907 1123 2972; baseline 0.002 -18"><span class='ocrx_word' id='word_1_208' title='bbox 60 2913 161 2955; x_wconf 84' lang='lat' dir='ltr'>verbnm</span> <span class='ocrx_word' id='word_1_209' title='bbox 179 2911 224 2954; x_wconf 85' lang='lat' dir='ltr'>hoe</span> <span class='ocrx_word' id='word_1_210' title='bbox 243 2909 380 2964; x_wconf 82' lang='lat' dir='ltr'>superscr.)</span> <span class='ocrx_word' id='word_1_211' title='bbox 426 2907 497 2965; x_wconf 83' lang='grc'><strong>(581)</strong></span> <span class='ocrx_word' id='word_1_212' title='bbox 525 2908 606 2970; x_wconf 79' lang='lat' dir='ltr'>Quod]</span> <span class='ocrx_word' id='word_1_213' title='bbox 626 2911 665 2955; x_wconf 85' lang='lat' dir='ltr'>Sic</span> <span class='ocrx_word' id='word_1_214' title='bbox 685 2913 781 2966; x_wconf 80' lang='lat' dir='ltr'>scripsi.</span> <span class='ocrx_word' id='word_1_215' title='bbox 803 2935 835 2944; x_wconf 92' lang='lat'>-</span> <span class='ocrx_word' id='word_1_216' title='bbox 854 2909 920 2972; x_wconf 79' lang='lat' dir='ltr'>Quid</span> <span class='ocrx_word' id='word_1_217' title='bbox 937 2911 1065 2970; x_wconf 78' lang='lat' dir='ltr'>ABEGgla.</span> <span class='ocrx_word' id='word_1_218' title='bbox 1117 2939 1123 2956; x_wconf 74' lang='lat'><strong>.</strong></span> 
     </span>
     <span class='ocr_line' id='line_1_27' title="bbox 61 2975 1068 3042; baseline 0.002 -18"><span class='ocrx_word' id='word_1_219' title='bbox 61 2975 156 3042; x_wconf 81' lang='lat' dir='ltr'>(lbid.)</span> <span class='ocrx_word' id='word_1_220' title='bbox 183 2987 226 3024; x_wconf 78' lang='lat' dir='ltr'>aul</span> <span class='ocrx_word' id='word_1_221' title='bbox 249 2977 356 3040; x_wconf 69' lang='lat' dir='ltr'>surget}</span> <span class='ocrx_word' id='word_1_222' title='bbox 371 2979 423 3023; x_wconf 77' lang='grc' dir='ltr'>ΑΕ.</span> <span class='ocrx_word' id='word_1_223' title='bbox 444 2981 480 3034; x_wconf 83' lang='lat' dir='ltr'>(ut</span> <span class='ocrx_word' id='word_1_224' title='bbox 503 2983 596 3024; x_wconf 85' lang='lat' dir='ltr'>emend.</span> <span class='ocrx_word' id='word_1_225' title='bbox 617 2979 655 3040; x_wconf 80' lang='lat' dir='ltr'>g.)</span> <span class='ocrx_word' id='word_1_226' title='bbox 675 2981 712 3026; x_wconf 88' lang='lat' dir='ltr'>sb.</span> <span class='ocrx_word' id='word_1_227' title='bbox 736 3005 769 3014; x_wconf 83' lang='lat'>——-</span> <span class='ocrx_word' id='word_1_228' title='bbox 789 2987 815 3024; x_wconf 80' lang='lat' dir='ltr'>ul</span> <span class='ocrx_word' id='word_1_229' title='bbox 832 2987 924 3042; x_wconf 70' lang='lat' dir='ltr'>surget</span> <span class='ocrx_word' id='word_1_230' title='bbox 938 2981 1013 3026; x_wconf 83' lang='lat' dir='ltr'><strong>BEG.</strong></span> <span class='ocrx_word' id='word_1_231' title='bbox 1034 3002 1068 3016; x_wconf 87' lang='lat'>-··</span> 
     </span>
     <span class='ocr_line' id='line_1_28' title="bbox 61 3047 1068 3112; baseline 0.001 -18"><span class='ocrx_word' id='word_1_232' title='bbox 61 3051 157 3112; x_wconf 77' lang='lat' dir='ltr'>an&#39;que</span> <span class='ocrx_word' id='word_1_233' title='bbox 175 3050 268 3094; x_wconf 75' lang='lat' dir='ltr'>radent</span> <span class='ocrx_word' id='word_1_234' title='bbox 291 3055 401 3108; x_wconf 72' lang='lat' dir='ltr'>surgent</span> <span class='ocrx_word' id='word_1_235' title='bbox 420 3047 586 3108; x_wconf 80' lang='lat' dir='ltr'>-seruntur</span> <span class='ocrx_word' id='word_1_236' title='bbox 605 3065 626 3096; x_wconf 84' lang='lat' dir='ltr'>s.</span> <span class='ocrx_word' id='word_1_237' title='bbox 650 3052 714 3096; x_wconf 86' lang='lat' dir='ltr'>roni.</span> <span class='ocrx_word' id='word_1_238' title='bbox 735 3075 767 3084; x_wconf 89' lang='grc'>-</span> <span class='ocrx_word' id='word_1_239' title='bbox 786 3051 900 3095; x_wconf 77' lang='lat' dir='ltr'>subrnoee</span> <span class='ocrx_word' id='word_1_240' title='bbox 916 3051 946 3095; x_wconf 90' lang='lat' dir='ltr'>A.</span> <span class='ocrx_word' id='word_1_241' title='bbox 984 3051 1068 3106; x_wconf 87' lang='lat' dir='ltr'>(lbid.)</span> 
     </span>
     <span class='ocr_line' id='line_1_29' title="bbox 60 3117 1100 3182; baseline 0.002 -18"><span class='ocrx_word' id='word_1_242' title='bbox 60 3123 86 3164; x_wconf 84' lang='lat' dir='ltr'>in</span> <span class='ocrx_word' id='word_1_243' title='bbox 110 3117 183 3178; x_wconf 78' lang='lat' dir='ltr'>orbe]</span> <span class='ocrx_word' id='word_1_244' title='bbox 212 3121 242 3165; x_wconf 90' lang='lat' dir='ltr'>A.</span> <span class='ocrx_word' id='word_1_245' title='bbox 270 3141 299 3152; x_wconf 89' lang='lat'>-</span> <span class='ocrx_word' id='word_1_246' title='bbox 328 3119 359 3161; x_wconf 79' lang='lat' dir='ltr'>ab</span> <span class='ocrx_word' id='word_1_247' title='bbox 386 3119 445 3162; x_wconf 83' lang='lat' dir='ltr'>orbe</span> <span class='ocrx_word' id='word_1_248' title='bbox 469 3119 586 3178; x_wconf 75' lang='lat' dir='ltr'>BEGgsb.</span> <span class='ocrx_word' id='word_1_249' title='bbox 632 3119 704 3177; x_wconf 81' lang='lat'>(582)</span> <span class='ocrx_word' id='word_1_250' title='bbox 733 3119 887 3182; x_wconf 81' lang='lat' dir='ltr'>Quantoque]</span> <span class='ocrx_word' id='word_1_251' title='bbox 910 3122 940 3165; x_wconf 87' lang='lat' dir='ltr'>A.</span> <span class='ocrx_word' id='word_1_252' title='bbox 969 3119 1068 3166; x_wconf 83' lang='lat' dir='ltr'>firmans</span> <span class='ocrx_word' id='word_1_253' title='bbox 1098 3139 1100 3142; x_wconf 93' lang='lat'>·</span> 
     </span>
     <span class='ocr_line' id='line_1_30' title="bbox 60 3183 1066 3252; baseline -0.001 -17"><span class='ocrx_word' id='word_1_254' title='bbox 60 3193 181 3236; x_wconf 77' lang='lat' dir='ltr'>emendat.</span> <span class='ocrx_word' id='word_1_255' title='bbox 206 3205 227 3234; x_wconf 90' lang='lat' dir='ltr'>s.</span> <span class='ocrx_word' id='word_1_256' title='bbox 253 3214 286 3222; x_wconf 95' lang='lat'>—</span> <span class='ocrx_word' id='word_1_257' title='bbox 317 3187 442 3249; x_wconf 66' lang='lat' dir='ltr'>(inaniore</span> <span class='ocrx_word' id='word_1_258' title='bbox 462 3189 570 3248; x_wconf 82' lang='lat' dir='ltr'><strong>BEng.</strong></span> <span class='ocrx_word' id='word_1_259' title='bbox 605 3183 699 3252; x_wconf 81' lang='lat' dir='ltr'>(lbld.)</span> <span class='ocrx_word' id='word_1_260' title='bbox 717 3191 827 3234; x_wconf 79' lang='lat' dir='ltr'>exiliunt</span> <span class='ocrx_word' id='word_1_261' title='bbox 852 3189 945 3249; x_wconf 76' lang='lat' dir='ltr'>spatio]</span> <span class='ocrx_word' id='word_1_262' title='bbox 963 3193 1066 3251; x_wconf 76' lang='lat' dir='ltr'><strong>BEGgs.</strong></span> 
     </span>
     <span class='ocr_line' id='line_1_31' title="bbox 61 3259 1066 3321; baseline 0.002 -16"><span class='ocrx_word' id='word_1_263' title='bbox 61 3285 92 3295; x_wconf 87' lang='lat'><em>-</em></span> <span class='ocrx_word' id='word_1_264' title='bbox 111 3261 226 3305; x_wconf 77' lang='lat' dir='ltr'>exiliunt</span> <span class='ocrx_word' id='word_1_265' title='bbox 241 3260 324 3317; x_wconf 56' lang='lat' dir='ltr'>astutio</span> <span class='ocrx_word' id='word_1_266' title='bbox 346 3259 369 3302; x_wconf 90' lang='lat' dir='ltr'>b.</span> <span class='ocrx_word' id='word_1_267' title='bbox 390 3281 423 3292; x_wconf 85' lang='lat'>—-</span> <span class='ocrx_word' id='word_1_268' title='bbox 442 3261 517 3304; x_wconf 75' lang='lat' dir='ltr'>exllli</span> <span class='ocrx_word' id='word_1_269' title='bbox 537 3261 646 3316; x_wconf 66' lang='lat' dir='ltr'>«tapetio</span> <span class='ocrx_word' id='word_1_270' title='bbox 665 3261 695 3305; x_wconf 93' lang='lat' dir='ltr'>A.</span> <span class='ocrx_word' id='word_1_271' title='bbox 743 3261 831 3319; x_wconf 73' lang='lat' dir='ltr'>(lbid.r</span> <span class='ocrx_word' id='word_1_272' title='bbox 849 3259 974 3320; x_wconf 78' lang='lat' dir='ltr'>linquunt]</span> <span class='ocrx_word' id='word_1_273' title='bbox 994 3264 1022 3306; x_wconf 83' lang='lat' dir='ltr'>‹le</span> <span class='ocrx_word' id='word_1_274' title='bbox 1041 3275 1066 3321; x_wconf 81' lang='lat' dir='ltr'>g.</span> 
     </span>
     <span class='ocr_line' id='line_1_32' title="bbox 61 3328 1066 3390; baseline 0.001 -16"><span class='ocrx_word' id='word_1_275' title='bbox 61 3331 157 3376; x_wconf 88' lang='lat' dir='ltr'>emend.</span> <span class='ocrx_word' id='word_1_276' title='bbox 175 3330 213 3374; x_wconf 86' lang='lat' dir='ltr'>sb.</span> <span class='ocrx_word' id='word_1_277' title='bbox 236 3351 264 3360; x_wconf 94' lang='lat'><em>-</em></span> <span class='ocrx_word' id='word_1_278' title='bbox 284 3329 382 3372; x_wconf 69' lang='lat' dir='ltr'>lincunt</span> <span class='ocrx_word' id='word_1_279' title='bbox 397 3331 426 3376; x_wconf 86' lang='lat' dir='ltr'>A.</span> <span class='ocrx_word' id='word_1_280' title='bbox 445 3353 478 3364; x_wconf 85' lang='lat'><em>-</em></span> <span class='ocrx_word' id='word_1_281' title='bbox 496 3331 599 3390; x_wconf 80' lang='lat' dir='ltr'>lingunt</span> <span class='ocrx_word' id='word_1_282' title='bbox 612 3331 702 3389; x_wconf 84' lang='lat' dir='ltr'><strong>BEGg.</strong></span> <span class='ocrx_word' id='word_1_283' title='bbox 740 3328 811 3388; x_wconf 83' lang='lat'>(583)</span> <span class='ocrx_word' id='word_1_284' title='bbox 831 3331 891 3375; x_wconf 75' lang='lat' dir='ltr'>aliis</span> <span class='ocrx_word' id='word_1_285' title='bbox 903 3335 1002 3389; x_wconf 75' lang='lat' dir='ltr'>pernix</span> <span class='ocrx_word' id='word_1_286' title='bbox 1015 3335 1066 3376; x_wconf 78' lang='lat' dir='ltr'>sel-</span> 
     </span>
     <span class='ocr_line' id='line_1_33' title="bbox 60 3399 1066 3459; baseline 0 -15"><span class='ocrx_word' id='word_1_287' title='bbox 60 3408 114 3456; x_wconf 80' lang='lat' dir='ltr'>tus,</span> <span class='ocrx_word' id='word_1_288' title='bbox 136 3399 244 3458; x_wconf 75' lang='lat' dir='ltr'>maiore]</span> <span class='ocrx_word' id='word_1_289' title='bbox 264 3401 303 3444; x_wconf 82' lang='lat' dir='ltr'>Sic</span> <span class='ocrx_word' id='word_1_290' title='bbox 321 3401 422 3454; x_wconf 85' lang='lat' dir='ltr'>scripsi,</span> <span class='ocrx_word' id='word_1_291' title='bbox 444 3415 488 3444; x_wconf 83' lang='lat' dir='ltr'>una</span> <span class='ocrx_word' id='word_1_292' title='bbox 506 3402 574 3444; x_wconf 82' lang='lat' dir='ltr'>litera</span> <span class='ocrx_word' id='word_1_293' title='bbox 595 3401 674 3443; x_wconf 79' lang='lat' dir='ltr'>addila</span> <span class='ocrx_word' id='word_1_294' title='bbox 694 3402 789 3446; x_wconf 74' lang='lat' dir='ltr'>lectioni</span> <span class='ocrx_word' id='word_1_295' title='bbox 808 3404 851 3450; x_wconf 85' lang='lat' dir='ltr'>A.:</span> <span class='ocrx_word' id='word_1_296' title='bbox 872 3403 986 3446; x_wconf 62' lang='lat' dir='ltr'>-nliia</span> <span class='ocrx_word' id='word_1_297' title='bbox 1006 3415 1066 3459; x_wconf 80' lang='lat' dir='ltr'>per·</span> 
     </span>
     <span class='ocr_line' id='line_1_34' title="bbox 60 3467 1067 3532; baseline 0 -18"><span class='ocrx_word' id='word_1_298' title='bbox 60 3473 106 3514; x_wconf 80' lang='lat' dir='ltr'>nix</span> <span class='ocrx_word' id='word_1_299' title='bbox 126 3473 196 3514; x_wconf 75' lang='lat' dir='ltr'>saltu</span> <span class='ocrx_word' id='word_1_300' title='bbox 215 3471 320 3514; x_wconf 76' lang='lat' dir='ltr'>maiore.</span> <span class='ocrx_word' id='word_1_301' title='bbox 341 3493 373 3502; x_wconf 90' lang='lat'>-</span> <span class='ocrx_word' id='word_1_302' title='bbox 398 3470 459 3512; x_wconf 72' lang='lat' dir='ltr'>aliie</span> <span class='ocrx_word' id='word_1_303' title='bbox 475 3470 571 3528; x_wconf 79' lang='lat' dir='ltr'>pernix</span> <span class='ocrx_word' id='word_1_304' title='bbox 589 3471 657 3514; x_wconf 77' lang='lat' dir='ltr'>aliur</span> <span class='ocrx_word' id='word_1_305' title='bbox 675 3471 770 3514; x_wconf 75' lang='lat' dir='ltr'>maiore</span> <span class='ocrx_word' id='word_1_306' title='bbox 791 3472 820 3515; x_wconf 90' lang='lat' dir='ltr'>B.</span> <span class='ocrx_word' id='word_1_307' title='bbox 842 3492 871 3504; x_wconf 87' lang='lat'><em>-</em></span> <span class='ocrx_word' id='word_1_308' title='bbox 892 3471 958 3516; x_wconf 79' lang='lat' dir='ltr'>alius</span> <span class='ocrx_word' id='word_1_309' title='bbox 977 3467 1021 3532; x_wconf 87' lang='lat' dir='ltr'>(E.</span> <span class='ocrx_word' id='word_1_310' title='bbox 1044 3475 1067 3515; x_wconf 86' lang='lat' dir='ltr'>in</span> 
     </span>
     <span class='ocr_line' id='line_1_35' title="bbox 59 3539 1068 3599; baseline 0 -15"><span class='ocrx_word' id='word_1_311' title='bbox 59 3555 138 3598; x_wconf 73' lang='lat' dir='ltr'>marg.</span> <span class='ocrx_word' id='word_1_312' title='bbox 159 3541 219 3594; x_wconf 92' lang='lat' dir='ltr'>„Al.</span> <span class='ocrx_word' id='word_1_313' title='bbox 246 3539 344 3594; x_wconf 76' lang='lat' dir='ltr'>aliie.”)</span> <span class='ocrx_word' id='word_1_314' title='bbox 367 3540 464 3595; x_wconf 74' lang='lat' dir='ltr'>pernix</span> <span class='ocrx_word' id='word_1_315' title='bbox 487 3541 554 3584; x_wconf 70' lang='lat' dir='ltr'>ullus</span> <span class='ocrx_word' id='word_1_316' title='bbox 582 3541 678 3583; x_wconf 74' lang='lat' dir='ltr'>iuniore</span> <span class='ocrx_word' id='word_1_317' title='bbox 706 3540 774 3599; x_wconf 80' lang='lat' dir='ltr'><strong>EGg.</strong></span> <span class='ocrx_word' id='word_1_318' title='bbox 807 3546 835 3572; x_wconf 82' lang='lat'>-&#39;-</span> <span class='ocrx_word' id='word_1_319' title='bbox 863 3540 935 3585; x_wconf 80' lang='lat' dir='ltr'>aliud</span> <span class='ocrx_word' id='word_1_320' title='bbox 954 3544 1049 3599; x_wconf 80' lang='lat' dir='ltr'>pernix</span> <span class='ocrx_word' id='word_1_321' title='bbox 1056 3555 1068 3594; x_wconf 90' lang='lat'>,·</span> 
     </span>
     <span class='ocr_line' id='line_1_36' title="bbox 60 3607 1066 3669; baseline 0 -15"><span class='ocrx_word' id='word_1_322' title='bbox 60 3609 132 3654; x_wconf 76' lang='lat' dir='ltr'>eliud</span> <span class='ocrx_word' id='word_1_323' title='bbox 150 3611 247 3654; x_wconf 77' lang='lat' dir='ltr'>maiore</span> <span class='ocrx_word' id='word_1_324' title='bbox 263 3611 291 3654; x_wconf 86' lang='lat' dir='ltr'>de</span> <span class='ocrx_word' id='word_1_325' title='bbox 307 3623 331 3668; x_wconf 80' lang='lat' dir='ltr'>g.</span> <span class='ocrx_word' id='word_1_326' title='bbox 353 3611 416 3652; x_wconf 85' lang='lat' dir='ltr'>roni.</span> <span class='ocrx_word' id='word_1_327' title='bbox 438 3609 474 3654; x_wconf 88' lang='lat' dir='ltr'>sb.</span> <span class='ocrx_word' id='word_1_328' title='bbox 514 3611 599 3666; x_wconf 84' lang='lat' dir='ltr'>(lbid.)</span> <span class='ocrx_word' id='word_1_329' title='bbox 618 3607 762 3669; x_wconf 72' lang='lat' dir='ltr'>trahuntur]</span> <span class='ocrx_word' id='word_1_330' title='bbox 781 3611 810 3659; x_wconf 87' lang='lat' dir='ltr'>A.</span> <span class='ocrx_word' id='word_1_331' title='bbox 831 3631 864 3644; x_wconf 87' lang='lat'>·-·</span> <span class='ocrx_word' id='word_1_332' title='bbox 882 3609 996 3656; x_wconf 76' lang='lat' dir='ltr'>trahetur</span> <span class='ocrx_word' id='word_1_333' title='bbox 1014 3611 1066 3655; x_wconf 83' lang='lat' dir='ltr'>BE-</span> 
     </span>
     <span class='ocr_line' id='line_1_37' title="bbox 59 3677 1066 3740; baseline -0.002 -14"><span class='ocrx_word' id='word_1_334' title='bbox 59 3682 138 3740; x_wconf 82' lang='lat' dir='ltr'><strong>Ggsb.</strong></span> <span class='ocrx_word' id='word_1_335' title='bbox 177 3677 247 3734; x_wconf 72' lang='grc'><strong>(584)</strong></span> <span class='ocrx_word' id='word_1_336' title='bbox 265 3677 332 3724; x_wconf 78' lang='lat' dir='ltr'>Mete</span> <span class='ocrx_word' id='word_1_337' title='bbox 353 3677 417 3738; x_wconf 75' lang='lat' dir='ltr'>ulia]</span> <span class='ocrx_word' id='word_1_338' title='bbox 436 3685 464 3724; x_wconf 86' lang='lat' dir='ltr'>A.</span> <span class='ocrx_word' id='word_1_339' title='bbox 487 3702 515 3712; x_wconf 93' lang='lat'>-</span> <span class='ocrx_word' id='word_1_340' title='bbox 535 3679 602 3724; x_wconf 75' lang='lat' dir='ltr'>Male</span> <span class='ocrx_word' id='word_1_341' title='bbox 621 3681 671 3724; x_wconf 80' lang='lat' dir='ltr'>ulio</span> <span class='ocrx_word' id='word_1_342' title='bbox 692 3681 813 3740; x_wconf 76' lang='lat' dir='ltr'><strong>BEGgsb.</strong></span> <span class='ocrx_word' id='word_1_343' title='bbox 851 3680 936 3736; x_wconf 85' lang='lat' dir='ltr'>(lbid.)</span> <span class='ocrx_word' id='word_1_344' title='bbox 954 3681 1066 3738; x_wconf 75' lang='lat' dir='ltr'>linquen-</span> 
     </span>
     <span class='ocr_line' id='line_1_38' title="bbox 59 3748 1065 3811; baseline -0.001 -17"><span class='ocrx_word' id='word_1_345' title='bbox 59 3751 103 3810; x_wconf 78' lang='lat' dir='ltr'>n&#39;u]</span> <span class='ocrx_word' id='word_1_346' title='bbox 124 3751 155 3794; x_wconf 91' lang='lat' dir='ltr'>A.</span> <span class='ocrx_word' id='word_1_347' title='bbox 174 3756 203 3794; x_wconf 85' lang='lat' dir='ltr'>ut</span> <span class='ocrx_word' id='word_1_348' title='bbox 221 3751 317 3794; x_wconf 76' lang='lat' dir='ltr'>volebat</span> <span class='ocrx_word' id='word_1_349' title='bbox 338 3763 362 3808; x_wconf 80' lang='lat' dir='ltr'>g.</span> <span class='ocrx_word' id='word_1_350' title='bbox 386 3751 424 3794; x_wconf 82' lang='lat' dir='ltr'>sb.</span> <span class='ocrx_word' id='word_1_351' title='bbox 445 3773 478 3784; x_wconf 84' lang='lat'><em>-</em></span> <span class='ocrx_word' id='word_1_352' title='bbox 496 3751 618 3808; x_wconf 77' lang='lat' dir='ltr'>liquentie</span> <span class='ocrx_word' id='word_1_353' title='bbox 636 3749 725 3809; x_wconf 78' lang='lat' dir='ltr'><strong>BEGg.</strong></span> <span class='ocrx_word' id='word_1_354' title='bbox 775 3749 849 3807; x_wconf 88' lang='grc'><strong>(585)</strong></span> <span class='ocrx_word' id='word_1_355' title='bbox 868 3749 939 3811; x_wconf 77' lang='lat' dir='ltr'>Quod</span> <span class='ocrx_word' id='word_1_356' title='bbox 956 3751 981 3794; x_wconf 79' lang='lat' dir='ltr'>ri</span> <span class='ocrx_word' id='word_1_357' title='bbox 1003 3748 1065 3793; x_wconf 84' lang='lat' dir='ltr'>nube</span> 
     </span>
     <span class='ocr_line' id='line_1_39' title="bbox 58 3817 1064 3888; baseline -0.002 -24"><span class='ocrx_word' id='word_1_358' title='bbox 58 3819 129 3879; x_wconf 78' lang='lat' dir='ltr'>rave]</span> <span class='ocrx_word' id='word_1_359' title='bbox 148 3821 178 3865; x_wconf 85' lang='lat' dir='ltr'>‹le</span> <span class='ocrx_word' id='word_1_360' title='bbox 194 3833 218 3880; x_wconf 80' lang='lat' dir='ltr'>g.</span> <span class='ocrx_word' id='word_1_361' title='bbox 239 3821 302 3866; x_wconf 83' lang='lat' dir='ltr'>euni.</span> <span class='ocrx_word' id='word_1_362' title='bbox 320 3819 344 3863; x_wconf 87' lang='lat' dir='ltr'>b.</span> <span class='ocrx_word' id='word_1_363' title='bbox 368 3841 396 3850; x_wconf 95' lang='lat'>—</span> <span class='ocrx_word' id='word_1_364' title='bbox 417 3817 488 3880; x_wconf 76' lang='lat' dir='ltr'>Quod</span> <span class='ocrx_word' id='word_1_365' title='bbox 508 3821 564 3864; x_wconf 77' lang='lat' dir='ltr'>eine</span> <span class='ocrx_word' id='word_1_366' title='bbox 584 3819 648 3864; x_wconf 80' lang='lat' dir='ltr'>nube</span> <span class='ocrx_word' id='word_1_367' title='bbox 666 3835 728 3864; x_wconf 80' lang='lat' dir='ltr'>ruva</span> <span class='ocrx_word' id='word_1_368' title='bbox 749 3820 778 3865; x_wconf 93' lang='lat' dir='ltr'>A.</span> <span class='ocrx_word' id='word_1_369' title='bbox 801 3843 830 3852; x_wconf 95' lang='lat'>-</span> <span class='ocrx_word' id='word_1_370' title='bbox 851 3819 922 3879; x_wconf 77' lang='lat' dir='ltr'>(lund</span> <span class='ocrx_word' id='word_1_371' title='bbox 942 3823 997 3863; x_wconf 76' lang='lat' dir='ltr'>eine</span> <span class='ocrx_word' id='word_1_372' title='bbox 1009 3818 1064 3888; x_wconf 76' lang='lat' dir='ltr'>fine</span> 
     </span>
     <span class='ocr_line' id='line_1_40' title="bbox 58 3887 1063 3950; baseline 0 -16"><span class='ocrx_word' id='word_1_373' title='bbox 58 3907 120 3935; x_wconf 77' lang='lat' dir='ltr'>eaeo</span> <span class='ocrx_word' id='word_1_374' title='bbox 146 3889 236 3948; x_wconf 73' lang='lat' dir='ltr'><strong>Bsscg.</strong></span> <span class='ocrx_word' id='word_1_375' title='bbox 267 3911 296 3922; x_wconf 88' lang='lat'>-·</span> <span class='ocrx_word' id='word_1_376' title='bbox 325 3887 397 3950; x_wconf 78' lang='lat' dir='ltr'>Quod</span> <span class='ocrx_word' id='word_1_377' title='bbox 419 3890 443 3932; x_wconf 80' lang='lat' dir='ltr'>si</span> <span class='ocrx_word' id='word_1_378' title='bbox 461 3889 524 3932; x_wconf 85' lang='lat' dir='ltr'>nube</span> <span class='ocrx_word' id='word_1_379' title='bbox 547 3891 624 3950; x_wconf 80' lang='lat' dir='ltr'>nigre</span> <span class='ocrx_word' id='word_1_380' title='bbox 647 3904 668 3934; x_wconf 88' lang='lat' dir='ltr'>s.</span> <span class='ocrx_word' id='word_1_381' title='bbox 688 3892 753 3934; x_wconf 78' lang='lat' dir='ltr'>roni.</span> <span class='ocrx_word' id='word_1_382' title='bbox 789 3891 849 3934; x_wconf 82' lang='lat' dir='ltr'>Post</span> <span class='ocrx_word' id='word_1_383' title='bbox 865 3890 926 3933; x_wconf 75' lang='lat' dir='ltr'>hurle</span> <span class='ocrx_word' id='word_1_384' title='bbox 944 3903 982 3934; x_wconf 80' lang='lat' dir='ltr'>rr.</span> <span class='ocrx_word' id='word_1_385' title='bbox 1004 3887 1063 3935; x_wconf 87' lang='grc'><strong>585.</strong></span> 
     </span>
     <span class='ocr_line' id='line_1_41' title="bbox 60 3959 1064 4019; baseline 0.001 -14"><span class='ocrx_word' id='word_1_386' title='bbox 60 3963 140 4005; x_wconf 77' lang='lat' dir='ltr'>oiunia</span> <span class='ocrx_word' id='word_1_387' title='bbox 162 3961 348 4004; x_wconf 81' lang='lat' dir='ltr'>Phaenomenon</span> <span class='ocrx_word' id='word_1_388' title='bbox 371 3960 422 4003; x_wconf 85' lang='lat' dir='ltr'>sine</span> <span class='ocrx_word' id='word_1_389' title='bbox 444 3959 492 4002; x_wconf 86' lang='lat' dir='ltr'>ullo</span> <span class='ocrx_word' id='word_1_390' title='bbox 510 3959 616 4004; x_wconf 78' lang='lat' dir='ltr'>defectus</span> <span class='ocrx_word' id='word_1_391' title='bbox 638 3962 706 4019; x_wconf 68' lang='lat' dir='ltr'>signo</span> <span class='ocrx_word' id='word_1_392' title='bbox 726 3961 811 4004; x_wconf 76' lang='lat' dir='ltr'>absunt</span> <span class='ocrx_word' id='word_1_393' title='bbox 833 3973 847 4003; x_wconf 75' lang='lat' dir='ltr'>a</span> <span class='ocrx_word' id='word_1_394' title='bbox 865 3959 909 4002; x_wconf 84' lang='lat' dir='ltr'>Cd.</span> <span class='ocrx_word' id='word_1_395' title='bbox 929 3961 975 4017; x_wconf 81' lang='lat' dir='ltr'>A.;</span> <span class='ocrx_word' id='word_1_396' title='bbox 1005 3963 1064 4006; x_wconf 81' lang='lat' dir='ltr'>uude</span> 
     </span>
     <span class='ocr_line' id='line_1_42' title="bbox 59 4027 1064 4086; baseline 0.001 -13"><span class='ocrx_word' id='word_1_397' title='bbox 59 4034 171 4086; x_wconf 75' lang='lat' dir='ltr'>deinceps</span> <span class='ocrx_word' id='word_1_398' title='bbox 191 4031 219 4073; x_wconf 80' lang='lat' dir='ltr'>aul</span> <span class='ocrx_word' id='word_1_399' title='bbox 238 4036 286 4074; x_wconf 80' lang='lat' dir='ltr'>tres</span> <span class='ocrx_word' id='word_1_400' title='bbox 311 4032 432 4076; x_wconf 74' lang='lat' dir='ltr'>dumtaxat</span> <span class='ocrx_word' id='word_1_401' title='bbox 447 4028 506 4072; x_wconf 77' lang='lat' dir='ltr'>cat.</span> <span class='ocrx_word' id='word_1_402' title='bbox 526 4027 599 4076; x_wconf 69' lang='grc' dir='ltr'><strong>ΒΕΘ.</strong></span> <span class='ocrx_word' id='word_1_403' title='bbox 621 4033 726 4075; x_wconf 80' lang='lat' dir='ltr'>eiusdem</span> <span class='ocrx_word' id='word_1_404' title='bbox 743 4031 846 4078; x_wconf 72' lang='lat' dir='ltr'>suintilae</span> <span class='ocrx_word' id='word_1_405' title='bbox 862 4031 952 4073; x_wconf 64' lang='lat' dir='ltr'>redacti</span> <span class='ocrx_word' id='word_1_406' title='bbox 974 4043 1064 4078; x_wconf 87' lang='lat' dir='ltr'>sumus.</span> 
     </span>
    </p>
   </div>
   <div class='ocr_carea' id='block_1_3' title="bbox 0 0 1392 4718">
    <p class='ocr_par' dir='ltr' id='par_1_18' title="bbox 0 0 1392 4718">
     <span class='ocr_line' id='line_1_43' title="bbox 0 0 1392 4718; baseline 0 0"><span class='ocrx_word' id='word_1_407' title='bbox 0 0 1392 4718; x_wconf 95' lang='lat' dir='ltr'> </span> 
     </span>
    </p>
   </div>
  </div>
 </body>
</html>
