2776 4718
919 385 922 394 ι
1002 296 1063 360 ror

59 443 197 528 Templa
219 438 432 514 eedAstraei
451 439 543 506 simui
566 461 603 506 ec
625 439 804 526 possederit
824 438 925 525 ignis,

57 549 175 614 Omnia
198 546 296 622 mirata
317 545 421 621 ieret,
444 543 570 628 pluvias
591 547 808 610 tantummodo
830 545 952 620 Libra,
1003 540 1065 604 195
1147 541 1148 546 ’

57 651 200 734 Scorpio
222 653 279 712 sed
299 646 423 732 pluvias
446 647 671 723 meditabitur)
693 648 832 732 undique
854 647 960 724 venti,

56 755 208 837 Undique
231 755 354 838 grando
378 751 483 828 venit,
507 763 697 834 erumpuntur
720 751 854 815 culruina
876 748 1001 814 nimbis.

58 855 216 923 Centauri
237 854 379 940 attigerit
401 877 498 938 quum
519 853 581 917 iam
606 853 770 936 Cyllenius
793 876 924 932 arcum,

55 962 127 1024 Aut
148 959 205 1022 ubi
227 956 395 1042 consurgit
418 957 640 1040 Capricornus
663 969 694 1020 et
715 957 783 1040 ipse
805 956 971 1034 biformis,

57 1066 128 1128 Aut
149 1063 273 1126 subitos
295 1062 387 1124 caelo
410 1063 546 1126 deducet
566 1061 709 1125 crebrius
730 1059 867 1136 imbres,
992 1060 1066 1134 ,130

58 1165 215 1254 Fulminis
238 1175 293 1230 ant
314 1164 397 1228 iactu
421 1187 569 1248 magnum
591 1176 777 1248 perrumpet
800 1165 987 1248 Olympum.

58 1269 159 1334 Nulla
181 1279 328 1332 serenato
351 1265 574 1350 Capricornus
596 1267 703 1332 nubila
726 1268 815 1334 caelo

57 1371 258 1454 Comparat3
281 1383 313 1434 at
335 1371 458 1455 gelidos
480 1371 574 1434 flatus
596 1371 739 1456 caelique
760 1370 912 1458 fragores

55 1479 135 1540 Non
158 1475 221 1540 elio
243 1473 353 1538 melius
376 1473 470 1558 signo
492 1473 676 1564 praedicere
697 1474 830 1558 possis,

57 1577 211 1646 Piscibus
236 1579 316 1640 haec
337 1579 447 1641 eadem
470 1575 613 1660 quamvis
635 1597 836 1661 cognoscere
857 1577 905 1641 fas
926 1577 981 1642 sit.
1004 1577 1065 1640 135

58 1680 328 1766 Quandoquidem
350 1691 483 1761 exortus
506 1681 623 1744 mundo
647 1677 810 1760 Cyllenius
833 1677 917 1764 ignis

57 1785 147 1866 Quid
168 1785 289 1848 faceret
309 1782 415 1868 primo
438 1783 534 1846 docui
554 1804 625 1846 cum
648 1781 769 1846 lumine
787 1782 893 1848 Solis:

57 1891 203 1970 Tempus
225 1897 258 1952 et
278 1907 411 1952 occasus
434 1896 562 1956 moneat
584 1906 664 1970 quae
686 1887 808 1952 discere
830 1885 970 1952 Phoebi.
1022 1939 1024 1945 .

57 2090 142 2136 tracis
159 2087 217 2150 (sic)
234 2088 266 2137 A.
286 2111 318 2124 -
336 2087 448 2134 aetherei
465 2089 532 2148 FPg.
550 2111 585 2126 -
602 2087 726 2135 Astraeae
738 2091 766 2136 de
784 2103 810 2150 g.
829 2091 893 2136 coni.
913 2091 939 2138 b.
960 2111 990 2126 -
1007 2103 1067 2150 poe·
1139 2100 1141 2112 ¹

58 2160 153 2208 sideris
178 2161 210 2204 A.
238 2183 272 2194 -
302 2159 360 2220 igni
388 2172 412 2218 g.
444 2160 560 2216 suspicio.
602 2157 676 2218 (125.
696 2157 769 2216 126.)
787 2159 879 2206 Omnia
899 2187 909 2198 ·
926 2187 942 2199 -
961 2160 1068 2222 undique

58 2229 138 2292 senti]
156 2230 266 2275 Servavit
286 2229 345 2276 baec
373 2243 432 2274 unns
450 2229 481 2274 A.
529 2229 556 2274 1ιι
585 2230 682 2290 seges.
704 2231 736 2276 ita
754 2231 779 2276 in
803 2245 875 2292 unum
892 2245 990 2278 versum
1011 2245 1068 2276 cou-

58 2307 139 2347 trueta
157 2305 226 2348 snut:
245 2319 281 2336 -
298 2297 391 2344 Omnia
411 2299 495 2343 mixta
502 2295 589 2358 seret,
604 2301 707 2358 pluuias
727 2299 890 2346 meditabitur
910 2303 1003 2362 ingens
1020 2299 1069 2345 Un-

58 2372 137 2432 dique
152 2368 253 2432 grando
274 2375 321 2414 oet.
357 2367 432 2426 (121)
449 2369 561 2412 culmina
578 2367 681 2430 nimbis]
700 2371 795 2429 srgsn.
817 2393 847 2404 —
867 2371 1070 2415 culminantim·

59 2442 121 2486 brcs
140 2441 170 2486 A.
199 2463 232 2474 -
256 2435 373 2499 fulmina
396 2441 434 2484 rel
456 2438 568 2502 flumina
595 2440 688 2484 nimbis
714 2437 848 2485 Wakefield
872 2443 900 2484 sd
918 2441 1016 2488 Luccei.
1037 2439 1068 2496 1,

61 2508 142 2558 ¹013.
187 2509 291 2556 marim:
322 2514 473 2566 rumpuntur
496 2509 604 2555 culmine
622 2509 718 2565 ιιιίιιὸί,ι
748 2509 821 2555 nimbi
838 2523 864 2554 se
881 2511 1038 2566 praecipi-tant
1054 2524 1070 2552 s

59 2582 167 2629 culmine
188 2581 264 2638 cneii3
294 2584 319 2624 nt
342 2579 413 2624 buius
439 2579 578 2646 fragmenti
605 2593 628 2624 r.
650 2577 692 2626 76.
711 2579 820 2624 culmine
838 2579 869 2622 ab
885 2581 945 2624 ullo.
994 2577 1069 2638 (123)

59 2647 163 2710 orcum)
182 2651 211 2696 de
231 2664 256 2710 g.
276 2651 340 2694 coni.
362 2649 387 2694 b.
408 2672 441 2684 ·-
460 2663 537 2706 arcus
558 2649 660 2710 AFPgs.
691 2647 767 2707 ’(129)
787 2668 816 2682 ·-
835 2648 982 2709 consurget]
1002 2652 1030 2696 de
1042 2663 1069 2708 g.

59 2723 128 2768 enni.
148 2721 174 2766 b.
193 2719 379 2779 —consurgit
398 2719 479 2776 FPgs.
500 2741 529 2752 -
549 2717 599 2764 Aut
615 2719 682 2765 idem
698 2719 740 2764 ubi
760 2719 893 2778 consurgit
907 2721 1069 2777 capricornis

59 2791 120 2852 (sie)
143 2777 325 2850 *ridebisormis
352 2781 415 2850 (pic)
443 2789 475 2834 A.
519 2786 596 2848 (1311)
614 2811 644 2822 -
663 2789 744 2834 subito
767 2788 798 2834 A.
835 2777 905 2844 (131)
924 2813 957 2822 -
975 2790 1070 2834 iactum

60 2876 161 2924 egnum
181 2861 212 2906 A.
240 2885 274 2896 ·-
300 2856 458 2918 perrumpet]
486 2863 511 2904 nt
532 2858 628 2904 volebat
645 2873 670 2918 g.
689 2857 790 2914 A(F)sb.
812 2859 1003 2917 -perrumpit
1021 2859 1069 2918 1²5.

59 2954 95 2972 ι-
116 2930 227 2991 Olympo
240 2931 272 2976 A.
292 2943 307 2975 e
325 2929 418 2974 Graeca
433 2929 617 2974 terminatione:
637 2938 677 2976 oe
694 2927 836 2988 Olympon:
855 2942 925 2986 quern
941 2931 1071 2976 restituen-

60 3005 118 3048 dam
137 3015 236 3047 censeo.
273 2996 344 3056 (133)
368 3005 395 3043 at
411 2993 520 3060 gelidos]
539 3000 567 3044 de
589 3011 615 3058 g.
641 3000 704 3044 coni.
724 3001 761 3044 sb.
782 3022 816 3032 —
835 2997 969 3058 augelidos
986 3001 1016 3045 A.
1036 3023 1071 3034 -·

59 3078 106 3118 aui
120 3069 222 3132 gelidos
239 3071 306 3130 seg.
343 3066 413 3136 (131)
432 3093 465 3104 --
482 3067 580 3114 medius
597 3070 629 3114 A.
666 3065 739 3126 (135)
757 3093 790 3102 -
808 3069 918 3128 quemvis
935 3083 957 3115 s.
983 3063 1072 3131 (ibid.)

60 3155 219 3204 cognoscere
235 3137 285 3200 sas
298 3137 342 3198 sii]
361 3135 456 3198 seges.
480 3147 520 3186 ω
548 3152 701 3200 cognoscere
723 3139 795 3184 detur
817 3143 846 3183 A.
884 3138 936 3184 Etsi
957 3141 1019 3184 mins
1035 3145 1073 3186 est

59 3215 186 3272 varietas,
206 3210 279 3258 detur
299 3215 379 3255 tamen
392 3210 485 3265 (potins
504 3209 671 3265 interpolatori
693 3209 776 3255 deberi
800 3207 907 3263 ridetur,
926 3223 997 3266 quarn
1012 3213 1072 3256 slte-

60 3297 128 3330 rum.
167 3276 244 3342 (13⁶)
262 3276 379 3338 exortus]
397 3292 418 3324 s.
436 3279 500 3324 caui.
522 3300 551 3311 -
565 3281 681 3324 exoritur
693 3278 796 3338 Ab'i’gb.
816 3301 849 3311 -
867 3273 1080 3340 Quandoquidem

60 3351 185 3399 exoritur
199 3352 275 3412 ignis¹
287 3361 383 3412 quoque
401 3347 531 3394 discedere
547 3341 640 3407 phaebi
655 3351 686 3394 A.
704 3363 719 3392 a
733 3361 771 3404 pr.
790 3361 871 3394 mana.
891 3349 911 3395 A
926 3363 976 3396 sec.
995 3353 1073 3396 delete

60 3438 100 3470 rr.
122 3421 255 3468 discedere
269 3419 362 3480 pAoebi
379 3423 404 3464 et
414 3433 537 3475 superscr.
556 3420 695 3480 cyleneus:
713 3423 739 3462 ut
756 3418 802 3464 sit:
822 3415 852 3478 Q.
869 3421 986 3464 exoritur
1001 3421 1072 3480 ignis

59 3507 160 3553 quoque
172 3493 303 3552 cyleneus.
340 3485 417 3550 (137)
435 3491 475 3536 Sic
493 3489 579 3546 scripsi
597 3504 610 3535 e
630 3491 686 3534 tect.
706 3489 749 3538 Cd.
770 3488 821 3536 Ar
841 3508 875 3522 -·
893 3487 960 3550 Quid
968 3487 1073 3550 faceret
1091 3495 1096 3528 ¹

57 3565 149 3622 primo
164 3561 237 3608 moda
254 3560 354 3606 cuicum
371 3559 390 3606 1.
411 3557 438 3606 S.
469 3581 504 3596 -
522 3557 587 3620 Quid
595 3555 699 3618 faceret
711 3559 824 3616 primum
834 3557 909 3603 docrsi
925 3575 982 3604 cum
996 3561 1016 3606 1.
1042 3557 1070 3604 S.

59 3648 82 3680 s.
104 3635 204 3693 egregie
227 3631 335 3693 divinans
354 3628 442 3685 docui,
472 3631 535 3688 qnod
553 3631 706 3686 ipsumvlctet
727 3629 750 3674 in
773 3629 894 3684 corruptis
915 3630 979 3677 iltis:
1000 3627 1073 3674 modo

59 3705 166 3748 cuicum
185 3705 216 3750 A.
237 3725 270 3738 -
296 3699 363 3762 Quid
381 3696 485 3760 faceret
500 3699 612 3758 primum
639 3697 712 3762 inodo
729 3713 786 3743 cuns
803 3699 822 3744 1.
842 3699 868 3743 S.
892 3699 937 3759 Pg.
957 3697 1074 3760 -Quid

53 3772 163 3836 sacer-et
172 3775 286 3832 primum
305 3769 398 3816 mundo
423 3784 480 3814 cum
500 3771 608 3814 culmine
623 3767 690 3814 Solis
708 3770 738 3814 F.
759 3789 789 3802 ·-
809 3767 875 3830 Quid
883 3766 972 3828 saciat
985 3770 1073 3827 prime

60 3842 158 3888 mundo
170 3857 227 3889 cum
242 3841 337 3888 lumine
356 3841 424 3886 Solis
439 3842 467 3884 de
484 3853 508 3898 g.
523 3841 587 3886 coni.
601 3840 626 3884 b.
664 3836 734 3895 (138)
753 3840 793 3884 Sic
810 3839 896 3894 scripsi
914 3855 927 3884 e
948 3841 1002 3888 leet.
1022 3841 1071 3886 A:

60 3941 95 3950 -
118 3915 232 3974 Tempus
246 3919 272 3956 st
287 3924 397 3956 occasus
413 3915 537 3968 moneatq.
565 3910 633 3970 (sie)
644 3909 774 3954 discedere
786 3906 878 3966 plroebi
896 3910 929 3965 (in
948 3923 970 3958 r.
990 3908 1072 3954 disce-

60 3985 123 4034 dere
140 3987 188 4035 titt.
203 3984 234 4032 de
253 3983 346 4041 punctis
366 3985 476 4034 notatae,
497 3985 523 4024 ut
539 3981 590 4026 sit:
615 3977 730 4038 discere).
744 4001 776 4014 -·
795 3977 905 4038 Tempus
923 3984 947 4024 et
965 3992 1073 4026 occasus
