2776 4718
1020 317 1080 382 tta

68 461 147 522 Ius
168 457 224 522 sit
245 457 380 538 ybleis
402 456 588 520 tribunal
610 469 693 522 stare
717 458 788 522 diva
811 457 966 524 floribus'

69 563 235 626 Praesens
258 562 327 643 ipsa
348 560 418 623 iura
441 560 515 624 dicit
537 564 728 630 adsederunt
751 562 872 646 gratiae
1039 564 1080 648 50

68 666 175 729 Hibla
201 677 317 730 totos
342 664 462 728 funde
490 664 626 728 flores
656 664 851 747 quiequid
879 663 993 728 annis
1016 669 1078 730 ad·

705 767 805 831 tulit

66 871 301 936 Hiblallorum
318 891 522 953 rumperes
544 874 725 953 tequant'
750 871 866 934 ethne
881 891 1011 954 campus
1026 883 1075 936 est

67 975 172 1038 Ruris
193 975 245 1037 hio
266 987 359 1038 errant
379 973 505 1056 puellae
528 974 579 1038 vel
601 974 727 1056 puellae
751 971 917 1036 montium*
958 1008 963 1020 ·

66 1079 226 1161 Quaeque
249 1077 461 1160 silvasque
484 1077 597 1141 locos
619 1079 745 1159 queque
768 1087 891 1138 montes
906 1075 1052 1141 incolunt

66 1181 169 1244 Iussit
190 1179 315 1244 omnis
338 1179 595 1261 adsiderepueri
617 1193 716 1242 mater
739 1177 855 1242 alites
1037 1181 1076 1244 55
1141 1193 1145 1202 ’

67 1283 169 1348 lussit
190 1295 221 1346 et
243 1283 357 1348 nullo
378 1283 500 1364 puellas
523 1282 709 1346 nil-amoti
732 1284 864 1346 credere

67 1386 154 1450 Cras
169 1398 252 1449 amet
267 1386 323 1470 qui
337 1407 495 1469 nunquam
511 1385 627 1470 amavit
643 1385 759 1469 quique
775 1385 896 1448 amavit
909 1407 981 1448 oras
995 1396 1077 1450 annet
1140 1372 1142 1376 ¹

65 1492 115 1553 Et
139 1489 317 1574 rigentibus
340 1500 561 1573 vergentes
584 1490 703 1552 diicat
726 1490 877 1550 umbras
899 1489 1034 1552 floribus

68 1591 154 1656 Cras
178 1591 237 1654 erit
260 1574 326 1674 qui
347 1591 469 1682 primus
492 1593 628 1654 aether
650 1590 859 1672 copulavit
880 1591 1003 1673 nuptias

67 1697 115 1760 Ut
137 1695 328 1776 pater'totis
351 1707 510 1756 crearet
533 1693 640 1756 vernis
662 1714 776 1756 annum
799 1691 933 1756 nubibus
1034 1696 1075 1758 50

66 1801 106 1862 In
123 1797 231 1860 'sinum
256 1796 386 1860 maritus
408 1798 510 1862 imber
532 1798 637 1860 fluct
651 1817 693 1858 us
716 1796 815 1858 alma
838 1807 876 1858 et
898 1796 1043 1880 coniugis
1099 1784 1102 1790 ¹

67 1904 119 1966 Ut
140 1901 266 1964 fletus
291 1901 410 1964 mitus
434 1901 534 1963 onmis
557 1901 694 1964 aleret
717 1919 832 1982 magno
854 1919 993 1980 corpore

66 2006 145 2085 Ipsa
169 2025 309 2066 vernas
332 2015 449 2086 atque
472 2015 606 2067 mentem
630 2011 862 2083 permeante
885 2001 1000 2084 spiritu

65 2103 298 2180 Intusoeultis
322 2106 526 2188 gubernat
547 2101 815 2186 proereatrix
836 2105 958 2168 viribus

66 2209 146 2273 Per
173 2228 244 2292 que
271 2207 391 2270 caelum
419 2228 492 2290 per
522 2228 599 2292 que
632 2219 735 2270 terras
766 2229 825 2290 per
854 2229 915 2290 que
937 2221 1072 2291 pontum

701 2311 858 2374 subditum
1035 2314 1075 2378 65

66 2413 294 2494 Perviumjsui
315 2425 493 2496 tenorem
516 2411 658 2476 semina
680 2413 813 2475 litram
836 2412 903 2476 ite.

66 2517 178 2581 Inbuit
199 2515 351 2600 iussitque
373 2518 520 2578 mnndum
542 2514 863 2579 noscenaseendi
886 2513 957 2579 vias
998 2534 1000 2542 ·

66 2620 151 2685 Cras
167 2630 249 2681 amet
265 2619 319 2700 qui
334 2639 492 2703 nunqnam
509 2618 623 2680 amavit
639 2618 756 2702 quique
773 2617 888 2680 amavit
903 2640 974 2682 cras
990 2633 1072 2684 amet

65 2724 143 2806 Ipsa
166 2722 309 2785 troianos
332 2743 403 2784 uec
424 2733 537 2803 potes
559 2721 590 2784 in
614 2721 746 2784 latino
769 2721 932 2783 transtulit

65 2828 161 2908 Ipsa
182 2826 358 2888 laurentem
380 2825 514 2908 puellam
538 2824 706 2909 coniugem
729 2835 805 2887 nato
827 2824 913 2888 dedit
1031 2825 1071 2886 70

67 2931 218 3010 Moxque
240 2926 333 2990 marti
356 2931 393 2989 de
416 2929 534 2990 sacello
556 2930 608 2988 dat
630 2927 774 3009 pudieam
797 2927 954 3011 virginem

68 3033 288 3097 Rumuleas
310 3025 392 3112 ipsa
414 3029 489 3092 lecit
512 3051 582 3093 cum
605 3030 753 3092 savinis
775 3031 901 3111 nuptias

67 3138 161 3201 Unde
182 3155 309 3205 rames
332 3146 363 3196 et
384 3133 515 3216 quirites
537 3125 663 3218 proqrie
684 3135 777 3216 prole
799 3148 963 3216 posterum

66 3238 203 3302 Romuli
225 3250 355 3300 matrem
377 3248 500 3300 crearet
521 3247 552 3298 et
573 3249 722 3318 nepotem
744 3259 902 3300 caesarem

68 3341 154 3408 Cras
181 3356 262 3405 amet
294 3340 349 3424 qui
376 3361 534 3424 nunquam
563 3341 679 3402 amavit
710 3340 827 3425 quique
858 3341 975 3404 amavit
997 3364 1068 3406 cras

699 3456 781 3506 amet
1031 3446 1070 3510 75

64 3553 157 3616 Rura
178 3548 372 3612 faciundat
393 3547 543 3628 voluptas
564 3567 640 3608 rura
663 3563 810 3609 venerem
833 3549 970 3614 sentiunt

62 3657 142 3737 lpse
165 3674 254 3734 amor
275 3671 357 3734 puer
379 3650 472 3712 dione
494 3671 569 3712 rure
593 3661 706 3712 natus
732 3649 848 3714 dieitur

118 3852 160 3900 59.
190 3851 313 3912 tribunat]
338 3853 390 3898 Nou
416 3853 505 3896 notavit
524 3853 611 3897 Hauth.
648 3852 736 3908 (Iussit
753 3847 790 3898 lu'c
808 3869 900 3913 quoque
919 3851 985 3910 Sill.)
1022 3855 1063 3901 52.

63 3930 120 3972 Sill.
140 3928 174 3969 sie
194 3927 251 3983 legit
270 3926 292 3968 in
312 3925 372 3968 Cd.:
405 3935 535 3977 rumperes
554 3924 629 3981 teque¹
647 3925 711 3967 runt’
728 3922 807 3969 stirne.
853 3924 893 3969 ⁶2.
922 3923 1008 3984 unitus]
1026 3941 1066 3970 sn-

61 4011 160 4056 persor.
181 4001 218 4040 est
235 4010 264 4039 x.
287 3991 328 4042 ⁶3.
340 3987 441 4050 verane]
452 4007 497 4035 uon
512 3994 600 4038 notavit
613 3994 714 4050 Hauth.;
734 3997 775 4038 sed
788 3994 859 4060 hebet
870 3997 905 4040 sic
917 3996 988 4040 eliam
998 3997 1065 4054 Lips.

163 4079 251 4120 Phaedri
265 4079 364 4119 Fabulae.
743 4077 782 4138 15
