2752 4718
999 343 1063 406 idi·

127 479 175 544 V.
199 477 455 564 Freibergensis,
477 477 617 543 incertae
631 479 751 557 aetatis,
769 481 857 546 cuim
874 481 1061 572 lectionesa

59 583 136 646 viro
154 584 291 666 quodam
313 584 409 645 docto
429 581 673 669 Scirwarziauae
692 583 819 648 editioni
841 585 1013 668 adscriptas
1030 597 1061 650 ct

33 707 76 747 -a
106 683 375 768 Spangenbergio
404 705 473 746 cnm
498 684 657 748 Seebodio
680 687 725 748 V.
750 687 791 764 C.
815 684 1060 752 communicatas

56 787 113 850 hic
143 785 279 849 inseruit
309 785 529 850 Miscellaneis
557 787 645 876 suis:
689 791 821 869 (Neues
843 791 970 855 Archiv
985 789 1061 882 frt'r

57 887 255 972 Philologie
292 889 324 952 2.
349 890 533 973 Jahrgang
559 890 592 953 2.
620 889 725 982 Hcft.
755 914 832 976 pag.
857 893 930 961 125.
953 896 1061 979 seqq.)

56 991 166 1055 Nobis
189 993 228 1059 F·
366 1047 368 1054 ι
612 1056 615 1067 ,
808 1043 813 1055 ·
912 1041 916 1060 .
1047 1054 1052 1064 .

124 1094 189 1159 vl.
211 1077 382 1165 Siciliensis
396 1115 465 1157 cnm
482 1078 657 1160 Scholiasta
673 1109 705 1160 et
719 1072 842 1181 figuris,
855 1097 991 1161 incertae
1008 1119 1060 1161 ae·

58 1197 149 1260 tatis.
193 1195 345 1260 Fortasse
366 1197 458 1259 etiam
481 1218 564 1260 nunc
583 1199 735 1262 Panormi
758 1212 870 1264 exstat¹
885 1199 916 1262 in
945 1201 1061 1264 biblio-

59 1302 156 1362 theca
179 1300 331 1375 Senatus,
362 1321 459 1383 qrrum
483 1301 697 1384 Gocttlingius
720 1303 766 1366 V.
790 1303 832 1368 C.
854 1303 930 1367 mihi
951 1325 1060 1366 narra-

59 1401 122 1478 rit,
147 1400 192 1463 ibi
217 1423 235 1464 a
257 1421 290 1464 se
312 1399 384 1466 visa
404 1391 473 1466 esse
501 1401 666 1470 Ciceronis
684 1405 817 1469 Aratea.
860 1406 964 1470 Huius
982 1407 1060 1470 fide·

59 1504 90 1566 le
106 1505 274 1568 admodum
294 1503 431 1571 ἔκτυπον
452 1503 578 1572 videtur
596 1495 705 1572 Editio
721 1509 869 1591 princeps
888 1530 905 1572 a
926 1511 1060 1573 Victore

60 1605 186 1673 Pisano
211 1605 281 1672 sive
308 1607 417 1691 potius
450 1607 516 1672 eius
546 1621 756 1692 praeceptore
786 1612 935 1697 Georgio
965 1611 1060 1683 Valla

60 1721 192 1775 curatas
319 1732 322 1744 ·
665 1783 671 1792 ,

123 1812 210 1889 „Hic
233 1807 338 1878 codex
366 1812 480 1878 avienii
507 1813 649 1880 continet
676 1814 883 1909 epigramma.
918 1815 1060 1882 eiusdem
1153 1819 1159 1832 '

63 1915 146 1980 arati
162 1917 379 2000 phaenomena
393 1911 621 2002 geographiam
638 1918 776 1984 carmine
795 1919 928 1985 heroico
940 1931 971 1985 et
987 1939 1060 1986 cras

63 2017 234 2083 maritimas
251 2019 397 2084 trimetro
415 2018 564 2084 iambico.
580 2020 752 2106 germanici
767 2041 895 2106 quoque
913 2034 945 2084 et
964 2020 1063 2084 marci

62 2121 131 2185 tulii
152 2123 229 2202 (sic)
250 2123 330 2186 arati
356 2121 536 2207 fragmenta-
561 2135 593 2188 et
623 2111 735 2189 Sereni
757 2146 868 2219 versus
899 2127 937 2188 de
965 2123 1061 2189 variis

62 2224 207 2290 curandis
230 2224 387 2290 morbis.”

124 2349 202 2412 pag.
224 2329 366 2410 penult:
396 2329 471 2395 Hoc
501 2347 581 2412 opus
608 2317 797 2412 impressum
822 2313 967 2398 venetiis
992 2313 1061 2405 irtc

64 2442 95 2494 et
119 2430 249 2516 ingenio
271 2430 405 2495 Antonii
427 2434 465 2496 de
490 2443 588 2495 strata
609 2431 845 2498 Cremonensis.
888 2436 985 2499 Anno
1009 2455 1061 2498 sa-

63 2533 149 2598 lutis.
172 2534 225 2598 M.
246 2553 497 2598 ccccnxaxvm.
521 2547 637 2598 octavo
666 2537 812 2602 calendas
833 2537 1059 2602 novenrbrcs.’'

63 2636 152 2715 (Cir.
175 2637 279 2699 Ebert
300 2638 344 2699 N.
369 2637 465 2700 1448.
488 2637 639 2701 HeinN.
663 2639 773 2716 2224.)
799 2650 803 2665 '

124 2739 202 2802 Fol.
224 2739 260 2803 h.
283 2731 531 2824 „Fragmentum
551 2739 630 2802 arati
652 2742 893 2822 phaenomenon
912 2761 971 2822 per
987 2758 1060 2825 ger·

63 2842 215 2906 manicam
235 2841 269 2904 in
289 2835 418 2905 latidum
440 2841 588 2906 conversi
614 2863 685 2904 cunr
704 2853 883 2906 commento
906 2863 1007 2925 nuper
1027 2844 1061 2905 in

64 2943 161 3008 sicilia
180 2947 379 3030 repertum.”
420 2945 514 3008 Hanc
533 2944 719 3023 editionem,
743 2965 836 3030 quam
851 2945 920 3028 ipse
939 2946 1058 3023 habeo,
1140 2984 1145 2995 ·

63 3047 185 3132 signavi
208 3049 251 3112 P.

124 3151 193 3214 Iam
212 3171 277 3214 uno
299 3159 474 3234 conspectu
490 3152 734 3226 demonstrabo,
768 3151 844 3236 quid
865 3173 935 3215 cum
952 3155 1060 3217 nostra

63 3250 247 3314 recensione
269 3250 378 3316 collati
395 3262 427 3314 et
443 3253 619 3331 praebeant
639 3265 671 3316 et
687 3253 832 3317 omittant
850 3253 954 3332 Cdd.,
978 3276 1060 3340 quos

64 3351 130 3434 ipsc
159 3353 255 3430 trivi,
278 3354 330 3444 A,
356 3354 403 3432 B,
426 3353 455 3418 E
477 3365 509 3416 et
540 3354 649 3423 Editio
679 3356 828 3440 princeps
852 3357 921 3423 sive
946 3357 1060 3425 Codex

65 3455 247 3520 Siciliensis.
285 3447 289 3452 ’
