2846 4736
127 477 213 536 Turn
235 473 282 536 ein
302 473 405 536 iocata
424 487 475 538 est
496 486 580 538 tante
601 473 745 540 maiestas
767 474 873 542 dune:
977 551 980 558 ¹

123 577 204 639 Non
227 577 353 638 multum
376 576 470 661 egisti
491 584 523 639 et
543 597 642 658 opera
664 576 871 660 nequicquam
893 576 995 660 perit;

122 677 237 742 Multo
260 677 389 742 maioris
410 678 519 762 alapae
541 701 661 742 meeum
686 690 833 744 veneunt.
1080 679 1119 744 25

232 935 242 965 ,
268 913 272 920 ·
527 905 626 966 [unu.
655 906 717 966 vu]

336 1129 337 1134 a
381 1054 560 1139 Auurun
583 1027 860 1130 nucunnrx.

168 1191 289 1257 Contra
311 1204 457 1273 potentes
480 1214 571 1256 nemo
594 1205 642 1256 est
664 1193 798 1256 munitus
820 1194 911 1266 satis3

121 1295 159 1359 Si
182 1293 414 1360 veroaceessit
435 1293 621 1360 consiliator
643 1297 820 1371 maleficus,

119 1397 186 1460 Vis
208 1409 240 1460 et
261 1395 399 1480 nequitia
421 1395 569 1480 quiequid
590 1409 793 1480 oppugnant,
819 1397 894 1460 ruit.

165 1498 284 1583 Aquila
305 1499 336 1560 in
358 1497 490 1562 sublime
511 1500 638 1562 sustulit
659 1499 866 1562 testudinem:

118 1602 214 1682 Quae
236 1623 331 1684 quum
353 1599 524 1668 abdidisset
545 1622 660 1663 cornea
682 1622 800 1682 eorpus
825 1603 920 1666 domo
1097 1602 1115 1664 5

116 1706 193 1767 Nec
213 1703 280 1766 ullo
301 1714 395 1785 paeto
416 1702 498 1765 laedi
519 1715 629 1783 posset
650 1704 797 1778 condita,

117 1805 224 1868 Venit
242 1825 304 1886 per
320 1799 412 1866 auras
434 1803 546 1868 cornix
569 1817 600 1867 et
621 1816 755 1888 propter
777 1806 908 1868 volans:

118 1907 271 1988 Opimam
293 1927 367 1969 sane
389 1909 535 1988 praedatu
558 1907 691 1988 rapuisti
712 1907 889 1992 unguibusa

118 2011 187 2072 Sed
208 2009 267 2072 nisi
288 2020 467 2074 monstraro
489 2008 565 2093 quid
586 2009 626 2072 sit
646 2009 820 2072 faciendum
843 2009 918 2087 tibi,

64 2134 69 2143 ·
119 2110 227 2175 Gravi
247 2111 452 2195 nequicquam
473 2122 505 2174 te
520 2109 655 2188 gustatur
671 2114 829 2194 pondere.
859 2124 863 2133 “
1078 2115 1119 2176 10

118 2213 286 2278 Promissa
306 2224 398 2296 parte
420 2215 547 2290 suadet,
569 2225 605 2278 ut
626 2216 791 2297 scopulum
813 2235 909 2297 super

118 2315 207 2380 Altis
229 2317 269 2377 ab
291 2314 382 2378 astris
404 2317 514 2378 duram
533 2315 643 2404 inlidat
664 2318 835 2394 corticem,

119 2419 194 2498 Qua
216 2416 405 2482 comminuta
426 2415 519 2481 facile
542 2429 689 2482 vescatur
711 2419 798 2483 cibo.

115 2667 219 2710 iactans
236 2664 344 2728 officium
370 2665 422 2708 leae
447 2665 523 2710 uenit.
551 2686 581 2701 -
608 2680 676 2710 curae
704 2666 813 2729 officium
839 2669 957 2713 iactitant
982 2669 1069 2728 Rigalt.
1090 2669 1115 2718 S.

115 2737 183 2780 Puto
202 2735 291 2779 fnisse:
322 2734 421 2780 &stane
439 2734 520 2797 officio
538 2748 650 2789 comum
683 2739 706 2780 in
731 2749 777 2793 quo
796 2736 876 2781 efficio
897 2743 1036 2792 occupatus,
1067 2751 1116 2781 tue-

116 2810 187 2860 ntum
215 2805 239 2848 in
267 2805 365 2847 medum
394 2818 486 2848 sornam
517 2804 610 2858 (eaput,
639 2802 793 2863 cerviculam)
811 2805 921 2854 iaetebat.
957 2804 1010 2860 (18)
1028 2805 1117 2865 elium]

114 2876 148 2920 P.
169 2873 201 2918 R.
220 2876 245 2918 S.
266 2895 296 2905 -
316 2874 387 2916 illum
407 2887 431 2928 p.
451 2873 492 2928 (-
512 2874 609 2918 xistum
626 2873 670 2932 P.)
717 2873 771 2930 (tu)
793 2869 887 2919 casm
912 2872 1021 2934 remque]
1045 2888 1069 2931 p.
1089 2875 1116 2922 8.

115 2963 153 2978 -
171 2939 350 3002 Caesaremque
368 2942 398 2986 P.
418 2943 448 2987 tt.
496 2940 549 2998 (2⁰)
574 2931 613 2988 Sic
632 2958 713 2988 tueare
734 2945 765 2990 P.
783 2944 813 2990 tt.
831 2953 870 2992 ω
885 2943 915 2989 Id
932 2950 958 2989 ut
972 2950 1027 3002 prat.
1046 2958 1070 3000 p.
1089 2945 1116 2991 S.

115 3037 152 3047 -—
170 3011 198 3056 Ie
210 3019 236 3058 et
250 3017 304 3070 put.
324 3011 427 3058 uetant.
448 3013 510 3057 zen.
530 3012 573 3067 (-·
590 3014 643 3072 quit
659 3011 703 3072 P.)
721 3011 778 3071 (22)
796 3011 890 3072 rer-tue]
908 3027 933 3069 p.
953 3014 979 3059 ὃ.
999 3037 1031 3050 ··-
1049 3019 1116 3059 rer-te

112 3085 148 3128 P.
168 3081 200 3125 tt.
236 3080 383 3140 (,.Pithoeus
409 3087 508 3134 κνίσῃ·
539 3085 656 3128 eorrectio
685 3084 715 3128 ab
743 3081 852 3128 omnibns
878 3088 975 3139 recepte
997 3090 1024 3129 ut
1040 3085 1117 3130 'lectio

114 3151 226 3196 Codicis.
263 3150 353 3195 Contra
365 3157 443 3196 autern
464 3151 571 3205 Gudiqa,
591 3157 615 3196 ut
630 3154 751 3213 propriam
770 3154 943 3208 coniecturam,
969 3155 1009 3197 dat
1026 3155 1119 3204 reete.”

111 3219 197 3266 Besa.
234 3221 292 3265 sut.
314 3219 378 3265 Gud.
409 3221 518 3268 volebat:
546 3217 712 3276 Donationis,
743 3223 832 3280 elepee
847 3227 931 3277 reete,
961 3221 1072 3282 gaudie:
1092 3228 1116 3268 et

113 3291 196 3336 refert
213 3289 261 3334 Ms.
291 3289 380 3336 babere
404 3288 491 3344 certe.)
528 3287 702 3354 (usnemun
721 3293 750 3335 P.
770 3292 800 3336 R.
819 3291 874 3350 nug.
894 3291 920 3336 5.
939 3293 1115 3348 -1oeurup.

110 3355 206 3416 (thid.)
224 3357 303 3417 tantu]
322 3359 352 3404 P.
372 3360 401 3404 tt.
422 3360 496 3406 Desb.
522 3361 586 3406 zen.
605 3371 643 3406 es
660 3362 724 3406 tenti
740 3375 764 3416 p.
782 3363 808 3405 s.
845 3357 899 3417 (24)
919 3381 948 3394 ·-
968 3361 1116 3420 nequiquam

111 3432 144 3474 P.
164 3429 198 3473 tt.
233 3427 287 3484 (25)
305 3427 424 3488 metante]
441 3429 528 3488 tugen.
548 3430 571 3476 ir
590 3430 678 3474 Annot.
697 3431 742 3476 Ed.
763 3429 786 3476 1.
806 3431 888 3478 Burun.
907 3431 932 3474 S.
953 3454 985 3468 -
1003 3432 1114 3476 maiores

109 3501 144 3545 Ρ.
165 3499 241 3554 R..p.
260 3498 315 3558 tttg.
336 3499 360 3544 in
378 3503 488 3544 contextu
505 3499 551 3543 Ed.
574 3498 596 3544 1.
615 3499 679 3546 Gud.
727 3498 812 3558 (tbtt.)
839 3497 953 3559 veneunt]
983 3514 1008 3556 p.
1035 3500 1060 3545 S.
1084 3521 1113 3534 -

108 3573 235 3616 venerunt
251 3567 282 3617 P.
301 3568 332 3614 R.
855 3587 857 3592 ’

166 3639 228 3682 Fra.
248 3637 292 3682 Vi.
341 3634 379 3695 (i)
403 3635 524 3696 munitur]
550 3639 579 3682 tt.
599 3651 614 3681 a
638 3651 686 3682 see.
706 3651 740 3681 m.
759 3651 782 3693 p.
802 3621 828 3682 ¹8.
854 3661 886 3676 -
903 3637 1012 3682 monitus
1029 3637 1059 3682 P.
1079 3654 1112 3672 «-

107 3721 187 3753 nemu
205 3713 271 3752 tutus
288 3706 353 3751 aetio
371 3707 400 3751 B.
420 3721 434 3750 a
452 3721 489 3762 ur.
509 3721 540 3755 m.
577 3704 615 3765 (6)
629 3705 726 3766 parret]
745 3707 775 3752 N.
795 3722 818 3765 p.
839 3708 865 3752 S.
885 3731 916 3742 -·
931 3707 1014 3764 poerit
1032 3706 1060 3748 P.
1081 3704 1111 3748 P«.

106 3775 149 3832 (7)
170 3799 206 3812 -
220 3782 324 3834 praeter
341 3777 427 3822 selena
447 3776 477 3822 u.
497 3789 526 3822 ex
543 3777 695 3836 ignoratione
712 3777 780 3820 huius
799 3774 943 3835 significatus
961 3789 986 3819 vv.
999 3777 1111 3833 propter.

106 3846 149 3903 (8)
183 3869 218 3880 -
251 3844 384 3902 Opimam,
414 3846 508 3906 inquit,
544 3860 586 3904 pr.
620 3846 650 3891 tt.
682 3859 710 3890 es
729 3847 840 3901 interret.
886 3843 941 3902 (tu)
975 3865 1003 3876 -
1029 3841 1113 3899 tuqui·

106 3929 191 3978 queem
209 3916 239 3960 Ρ.
258 3916 288 3959 tt.
332 3911 420 3972 (tuit.)
443 3914 559 3974 terrebit]
583 3917 612 3960 P.
632 3917 661 3961 tt.
682 3916 708 3968 S,
728 3939 761 3950 -
778 3915 886 3960 laeserit
903 3915 933 3960 tt.
955 3934 983 3946 ·-
1002 3909 1114 3956 Ieeeabt'e
1159 3941 1160 3946 ,

106 4002 133 4044 p,
174 3982 231 4042 (11)
257 4001 286 4018 -··
311 3999 355 4044 pr.
375 3989 450 4045 perte
476 3983 568 4030 sedena
595 3991 621 4030 ut
644 3977 759 4044 serpula·
776 3999 852 4044 super
867 3983 904 4031 Ae
924 3982 1003 4028 eatrie
1023 3978 1113 4026 durem
