2816 4716
342 376 384 444 18

345 515 447 587 Cruci
468 510 726 580 suffixitusmnt
745 499 867 594 poenas
888 501 1021 570 numini.

345 626 475 690 Horum
496 613 650 701 reliquias
671 633 711 676 ne
736 611 808 698 quis
827 619 937 694 posset
959 605 1091 682 tollere,

346 726 505 796 Custodes
529 723 641 783 dantur
661 715 775 780 milites
797 716 988 779 cadaverum
1076 733 1082 744 ·

346 831 592 894 Monumentum
612 821 718 896 iuxta,
742 817 856 882 mulier
878 838 943 902 quo
966 837 1000 879 se
1021 810 1207 878 incluserat.

346 929 530 1017 Aliquando
554 923 662 988 sitiens
681 943 759 986 uuus
781 924 820 984 de
843 917 1047 994 custodibus,

346 1037 475 1121 Aquam
496 1027 629 1114 rogavit
647 1016 751 1090 media
771 1035 868 1087 noete
888 1021 1086 1096 ancillulam,

347 1138 439 1219 Quae
460 1135 547 1199 forte
566 1128 712 1195 dominae
733 1138 809 1190 tunc
831 1125 1003 1190 adsistebat
1024 1145 1099 1188 suae

345 1236 530 1306 Dormitum
551 1232 656 1310 eunti;
679 1253 814 1318 namque
834 1231 1061 1294 lucubraverat

345 1345 392 1409 Et
412 1335 563 1426 usquein
584 1357 687 1400 serum
711 1333 838 1420 vigilias
860 1338 1076 1416 perduxerat:
1300 1326 1353 1411 ¹⁵,

345 1444 482 1512 Paulum
501 1437 634 1504 reclusis
654 1437 783 1502 foribus
802 1437 892 1502 miles
913 1435 1092 1522 prospicit-

345 1547 511 1632 Videtqne
533 1563 680 1628 aegram,
703 1545 759 1606 sed
777 1541 860 1606 facie
879 1542 1015 1625 pulchra
1036 1535 1199 1602 seminam.
1245 1615 1250 1628 .

326 1650 533 1732 *Corruptus
555 1645 676 1711 animus
697 1644 787 1722 illico
810 1644 1014 1710 succenditur

345 1757 391 1821 Et
408 1751 515 1816 uritur
531 1751 646 1816 sensim
665 1749 857 1836 impudentis
880 1747 1051 1832 cupiditas,

346 1855 471 1923 Sollers
494 1875 625 1919 acumen
646 1854 719 1920 mile
740 1875 850 1919 causas
868 1851 1003 1928 invenit,

346 1961 414 2027 Per
435 1977 515 2044 quas
537 1953 646 2022 videre
667 1969 778 2041 posset
799 1957 886 2022 illam
906 1955 1044 2039 saepius.

348 2059 544 2144 Quotidiana
564 2072 657 2144 capta
678 2059 927 2138 consuetudine,

347 2162 510 2232 Paulatim
534 2154 620 2225 sacta
641 2174 689 2226 est
708 2161 849 2226 advenae
866 2160 1080 2236 summissior;

347 2267 438 2333 Mox
459 2263 581 2330 artiore
601 2263 705 2328 vinxit
727 2261 864 2328 animum
887 2267 1016 2350 copula.
1210 2317 1214 2333 ,
1394 2259 1395 2347 l

346 2370 416 2437 Hic
433 2370 506 2431 dnm
525 2367 684 2434 consumit
705 2379 818 2434 noctes
839 2380 949 2434 custos
971 2368 1124 2454 diligens„
1295 2369 1334 2434 at
1393 2433 1394 2438 ,

346 2471 573 2562 Desideratum
596 2483 643 2536 est
664 2493 784 2556 corpus
803 2493 844 2536 ex
864 2467 1053 2536 una'cruce.
1393 2451 1394 2521 l

349 2577 513 2640 Turbatus
534 2573 623 2638 miles
644 2573 765 2638 fartum
787 2571 1080 2666 exponitmulieri.

348 2679 397 2744 At
420 2687 529 2741 sancta
551 2675 684 2741 mulier:
710 2679 787 2742 Non
810 2689 858 2742 est
875 2677 967 2764 'quod
987 2678 1117 2756 timeas,
1140 2677 1201 2755 ait,

348 2778 491 2867 Virique
514 2799 633 2862 corpus
651 2779 750 2843 tradit
771 2781 934 2864 figendum
954 2781 1059 2858 cruci,

325 2894 327 2908 '
348 2885 401 2949 Ne
424 2885 535 2947 subeat
553 2881 608 2946 ille
628 2903 749 2966 poenas
767 2883 993 2969 negligentiae.

350 2984 406 3052 Sic
425 2983 591 3082 turpitudo
613 2983 716 3052 landis
738 2985 865 3052 obsedit
883 2987 1004 3054 locum.

743 3213 843 3276 [nan.
865 3216 936 3280 nu]

349 3336 447 3405 DUO
469 3336 673 3403 IUVENES
697 3335 1021 3406 SPONSI'DIVES
1044 3341 1106 3406 ET
1129 3343 1325 3410 PAUPER.

393 3477 546 3531 Fortunam
564 3478 702 3531 interdum
716 3489 832 3551 praeter
846 3498 922 3553 spem
944 3490 1027 3554 atqua
1049 3490 1285 3556 exspectationem

698 3573 853 3626 hominibus
864 3573 984 3646 favere.
1078 3562 1083 3574 ⁵

394 3714 498 3778 Unam
517 3713 707 3795 expetebant
730 3713 892 3801 virginem
915 3714 1045 3783 iuvenes
1068 3719 1159 3786 duot-

352 3897 462 3966 (llloe
474 3903 633 3964 produxerat
650 3907 706 3959 13.x
752 3903 810 3964 (ll)
839 3907 894 3970 aad]
916 3911 937 3958 1.
953 3913 983 3959 G.
1004 3913 1034 3960 Ζ.
1072 3937 1105 3949 -
1142 3914 1323 3972 astantum.

352 3973 410 4033 (¹9)
427 3974 460 4021 Et
477 3974 569 4034 uritur]
590 3977 609 4021 l.
627 3977 656 4022 C.
673 3977 704 4022 Z.
729 4000 762 4012 -
781 3976 914 4041 Uriturqua
935 3983 991 4029 vm.
1010 3983 1086 4040 Neap.
1129 3979 1191 4044 (tt)
1207 3983 1286 4045 mum]
1305 3986 1323 4029 l.

351 4045 383 4094 Ζ.
401 4069 433 4080 -
451 4046 516 4092 riom
526 4049 581 4094 Vat.
600 4069 636 4096 -·,
651 4059 707 4093 earn
724 4049 783 4096 Mai.
821 4047 877 4110 (25)
896 4050 993 4112 eustos]
1009 4055 1066 4100 Vnt.
1085 4077 1119 4092 -
1136 4055 1209 4102 ma'tu
1220 4056 1293 4112 drap.
