2776 4718
326 301 387 366 668

325 444 400 508 Non
423 438 483 505 illis
504 439 587 509 liber
608 459 739 513 cursus,
765 438 819 502 sed
841 435 967 507 vincola
989 438 1087 498 cauda

329 544 459 630 Singula
481 553 650 628 utrumque
672 552 797 615 tenent,
821 561 885 604 uno
908 539 1054 602 coiiuotia
1078 540 1177 602 nodo.
1259 536 1308 598 tlt

328 649 456 712 Nodum
479 645 570 710 stella
590 637 717 726 premit.
763 643 882 716 Piscis,
907 643 960 726 qui
982 641 1110 723 respicit
1132 659 1222 702 auras

329 748 511 824 Threicias,
537 751 679 810 dextram
703 747 929 810 Andromedae
952 756 1098 808 cernetur
1123 744 1163 804 ad
1184 741 1291 804 ulnam.

369 854 486 916 Subter
508 861 677 934 utrumque
699 851 810 930 pedem
833 850 967 934 devotae
990 845 1135 932 Virginis
1158 844 1220 908 ales

326 955 467 1019 Perseos
489 952 608 1036 effigies
630 963 776 1014 servatae
799 963 889 1034 grata
911 951 1047 1032 puellae.

328 1056 440 1120 Moles
461 1055 530 1142 ipsa
552 1054 613 1118 viri
634 1053 711 1116 satis
734 1064 781 1114 est
802 1063 915 1116 testata
937 1063 1120 1134 parentem,
1259 1049 1309 1113 25⁰

329 1161 451 1222 'l'antus
473 1159 588 1241 ubique
612 1155 725 1229 micat,
750 1165 868 1218 tautum
891 1168 1025 1236 occupat
1047 1158 1085 1217 ab
1108 1157 1188 1220 Iove
1209 1153 1292 1217 caeli.

327 1253 481 1325 Dextera*
492 1260 633 1322 sublatae
655 1257 764 1320 similis
786 1279 889 1340 prope
912 1257 1108 1338 Cassiepiam

330 1363 478 1428 Sublimis
499 1361 623 1446 fulgen
646 1361 777 1441 pedibus
798 1381 975 1442 properare
999 1362 1124 1424 videtur

329 1465 374 1530 Et
397 1465 478 1529 velle
500 1462 623 1548 aligeris
646 1484 759 1544 porum
782 1465 907 1526 aethera
930 1455 1048 1526 findere
1070 1461 1199 1544 plantis.

371 1566 500 1648 Poplite
522 1567 582 1630 sulr
602 1565 715 1639 laevo,
741 1565 839 1630 'l'artri
862 1565 1033 1629 certissima
1056 1565 1179 1650 signa.»
1259 1562 1308 1628 255

330 1669 475 1736 Pleiades
497 1671 651 1734 suberunt
661 1691 677 1742 ;,
693 1667 798 1734 brevis
821 1679 852 1731 et
874 1668 963 1733 locus
986 1681 1123 1750 occupat
1144 1689 1264 1742 omoes3

330 1773 402 1835 Neo
423 1769 533 1836 faciles
555 1759 661 1844 cerni,
685 1769 743 1832 nisi
766 1773 852 1853 quod
875 1769 1021 1835 coeuntia
1043 1773 1135 1853 plura

331 1875 442 1938 Sidera
465 1895 661 1938 communem
683 1875 851 1936 ostendunt
873 1895 913 1936 ex
935 1876 1080 1939 omnibus
1103 1875 1221 1959 ignem.

330 1977 461 2059 Septem
483 1978 652 2040 traduntur
673 1995 825 2048 numero,
850 1977 906 2038 sed
927 1976 1068 2086 carpitam
1091 1999 1169 2055 ona,

330 2217 395 2261 Cett.
415 2217 487 2260 etlam
504 2214 532 2259 Β.
569 2206 661 2272 (teta.)
688 2211 753 2257 oller
777 2217 801 2256 et
822 2211 902 2273 ondit]
929 2214 1047 2274 EGPgeb.
1067 2237 1100 2251 -
1118 2216 1182 2260 otter
1208 2214 1273 2260 ondit
1286 2213 1308 2259 A.

329 2305 360 2320 -
378 2279 460 2328 altero
481 2281 545 2328 videt
562 2285 591 2328 F.
628 2279 701 2340 (243)
722 2293 753 2325 =
776 2281 911 2328 stridentis
932 2285 1019 2343 teng.
1040 2307 1072 2320 -··
1099 2299 1175 2332 auree
1194 2287 1222 2331 Ρ.
1241 2285 1310 2327 -ιιὶι

330 2367 389 2402 reor
412 2367 449 2413 gs.
469 2357 552 2398 cootm
569 2365 635 2397 meos
654 2351 713 2396 cdd.
756 2347 833 2412 (244)
854 2374 883 2388 ·-
908 2359 932 2396 et
951 2355 1014 2398 virro.
1034 2353 1063 2400 Ε.
1085 2355 1140 2409 (non
1156 2357 1219 2405 AB.)
1252 2351 1310 2411 (lli)

331 2448 364 2464 .-
382 2409 489 2491 Cingulo
506 2423 535 2466 B.
555 2445 587 2458 -
606 2422 666 2466 terit
683 2415 742 2481 (eie)
759 2424 788 2466 A.
834 2419 904 2477 (tte)
929 2447 961 2459 -·
984 2422 1099 2468 Nondum
1123 2427 1152 2470 A.
1203 2423 1271 2482 (242)
1287 2443 1309 2456 ··

330 2491 451 2542 Threicio
471 2492 501 2536 A.
521 2515 554 2529 --
573 2488 686 2538 Ttretde
702 2491 732 2536 P.
769 2490 853 2546 (thid.)
871 2491 996 2551 cernetur]
1015 2495 1043 2536 de
1060 2507 1085 2552 g.
1099 2495 1162 2542 eooi.
1182 2509 1203 2540 s.
1224 2517 1251 2530 -
1268 2506 1310 2536 cer·
1360 2521 1361 2534 .

330 2567 425 2608 nentur
436 2561 509 2610 ABG.
521 2585 554 2595 -
565 2561 659 2604 eernnt'
671 2557 727 2616 (sle)
737 2559 766 2603 E.
778 2583 811 2598 -·
830 2567 966 2606 cernuntur
979 2563 1060 2620 FPgb.
1086 2558 1175 2623 (lbid.)
1187 2563 1222 2608 od
1232 2557 1310 2617 ulnam]

329 2632 425 2690 FPgsb.
447 2653 476 2668 ‹-
495 2629 530 2679 ad
549 2631 620 2674 illam
643 2630 672 2673 B.
692 2653 725 2666 ·-·
743 2627 778 2674 od
796 2630 868 2673 illum
889 2631 941 2676 EG.
978 2629 1050 2685 (2l81
1069 2633 1188 2678 Omittuot
1213 2635 1254 2678 lios
1272 2638 1310 2675 tres

329 2713 407 2746 verse.
431 2695 575 2748 tte-250.
602 2699 673 2744 Are.
722 2697 792 2761 (251)
811 2723 844 2737 ·-
871 2698 1009 2746 Tortor-et
1025 2702 1123 2748 illem.
1143 2704 1173 2748 P.
1193 2695 1311 2759 (noete.)

332 2791 361 2808 .-
381 2775 487 2827 ocoupot
502 2767 557 2815 Iove
576 2769 605 2812 A.
651 2765 723 2824 (252)
740 2767 854 2815 Dextera
879 2767 992 2814 ereblotoe
1012 2772 1106 2816 similis
1127 2786 1210 2831 prope
1230 2769 1311 2817 Caese-

328 2837 409 2899 piam]
434 2841 462 2883 B.
493 2836 548 2895 (sed
577 2835 716 2894 Gaesiepia)
743 2837 824 2898 nugs.
850 2862 882 2876 -ι-
905 2837 1021 2884 Dextera
1038 2840 1095 2896 (sic)
1113 2842 1213 2887 eoblota
1233 2839 1311 2887 similit

328 2909 405 2970 probe
423 2907 478 2963 (sic)
496 2905 637 2965 Caeiepiom
655 2907 685 2950 A.
705 2931 737 2946 -ι-
755 2907 856 2954 Dextro
876 2907 976 2952 sublato
997 2910 1089 2954 similis
1108 2925 1187 2968 prope
1212 2912 1259 2956 FP.
1277 2911 1308 2964 (⁶

330 2979 472 3035 cosiopeum
495 2975 539 3090 P?
563 2987 601 3024 mo
617 2977 718 3024 Dextro
745 2978 844 3022 subluto
866 2977 958 3022 solium
975 2992 1054 3036 prope
1081 2976 1226 3039 Cassiepiae
1250 2982 1274 3023 de
1291 2990 1310 3034 g·

330 3047 395 3090 coni.
415 3045 439 3092 b.
482 3043 510 3104 (2
531 3039 561 3106 l)
571 3042 682 3106 findere]
702 3045 820 3106 BEGgsb.
842 3052 993 3106 -tongere
1012 3049 1082 3093 AFP.
1120 3049 1206 3107 (lbid.)
1221 3042 1310 3108 plantis]

329 3113 471 3172 annegeb.
497 3137 529 3153 ο-
551 3115 645 3172 potmie
672 3115 721 3158 FP.
768 3109 848 3178 (255)
874 3116 966 3160 llcbeot
991 3121 1039 3162 tres
1065 3131 1103 3162 vv.
1130 3116 1271 3166 255-257.
1287 3116 1308 3158 Ε·

329 3177 387 3244 (sed
408 3197 431 3227 v.
454 3179 512 3231 255.
540 3185 727 3238 transpositum,
760 3197 812 3230 cum
842 3186 910 3244 signo
934 3191 1012 3230 tameo
1042 3188 1223 3247 correctionis.)
1248 3185 1309 3246 ego.

330 3252 392 3298 ltem
411 3253 440 3296 B.
460 3264 483 3295 r.
504 3248 563 3298 266.
584 3250 643 3299 257.
664 3253 754 3296 omisso
769 3267 792 3298 r.
819 3251 877 3300 255.
915 3254 1032 3300 Omittunt
1054 3258 1098 3302 hoe
1116 3261 1167 3302 tres
1185 3272 1223 3303 vv.
1241 3255 1309 3302 255·-

330 3319 391 3367 257.
411 3320 483 3364 AFP.
519 3317 591 3378 (266)
600 3321 642 3358 '—
661 3327 699 3365 eet
713 3321 783 3368 locos
793 3335 802 3367 .·
819 3329 924 3381 occupat
937 3325 1019 3370 omnic
1032 3341 1057 3385 g.
1077 3332 1161 3371 contra
1173 3328 1233 3373 cdd.
1247 3337 1310 3370 meos.

331 3387 402 3445 (251)
421 3413 454 3428 -ι
465 3384 549 3446 sterile
566 3396 604 3436 cet
621 3403 643 3434 c.
664 3391 692 3434 B.
739 3390 811 3448 (259)
830 3417 862 3432 ·-
880 3406 908 3438 ee
927 3392 983 3451 (sic)
999 3396 1112 3453 carpitur
1127 3400 1156 3442 A.
1178 3419 1208 3432 ·-
1226 3395 1269 3442 sed
1279 3406 1311 3436 co·

327 3459 400 3519 pitter
416 3459 446 3504 E.
484 3453 562 3520 (260)
580 3484 612 3496 --
630 3458 754 3522 Deficient
775 3462 805 3506 A.
827 3484 856 3499 -ν
876 3461 1016 3522 distingere
1036 3465 1067 3509 A.
1102 3463 1175 3520 (261)
1195 3489 1224 3502 -
1242 3475 1311 3511 eerra-

331 3527 367 3572 tlt
382 3529 412 3572 A.
449 3522 525 3588 (262)
545 3549 574 3559 -
593 3527 865 3591 Helertrttoleioneque
883 3534 1013 3591 eetooeqoe
1031 3549 1065 3578 m.
1085 3535 1115 3580 P.
1152 3533 1223 3591 (263)
1241 3536 1275 3580 Sic
1291 3534 1311 3574 tlt

304 3609 356 3656 Α.
375 3600 437 3642 coni.
458 3611 479 3642 s.
499 3595 627 3656 (Asterope
645 3601 732 3655 placuit
747 3602 888 3648 Buttmaooo
904 3603 932 3648 ed
953 3601 1020 3648 Arati
1043 3617 1066 3648 v.
1087 3601 1146 3649 263.
1182 3603 1240 3654 Kal
1256 3603 1312 3651 Ete-

331 3661 419 3732 (Jo'im.
455 3667 501 3712 Sed
519 3667 590 3712 etiem
606 3668 726 3716 Avienus:
751 3667 783 3716 Et
801 3669 912 3727 Sterope.
933 3672 991 3718 item
1008 3673 1107 3718 Ovidius
1125 3675 1192 3719 Post.
1213 3674 1244 3729 4,
1264 3667 1311 3716 172.

331 3737 398 3788 Nom
414 3735 534 3794 Steropen
548 3733 628 3781 Morti
641 3739 804 3786 concubuisse
813 3773 815 3780 .
815 3736 916 3798 serunt.
937 3761 967 3778 -·
986 3741 1150 3802 Asteropeque
1169 3749 1192 3788 et
1214 3743 1311 3802 Taygete

332 3813 357 3851 et
370 3807 438 3851 molo
455 3801 516 3868 (sic)
535 3812 642 3864 parente
662 3807 692 3851 A.
706 3832 745 3864 ¹-·
767 3808 888 3868 Asterope
909 3815 933 3854 et
950 3815 1051 3872 taygete
1074 3819 1099 3857 et
1121 3827 1178 3857 meo
1196 3816 1311 3872 parentem

331 3875 400 3933 EGg'.
420 3899 453 3916 -r
471 3874 590 3934 Asterope
609 3881 633 3920 et
650 3882 752 3937 tergete
766 3878 844 3924 eimul
860 3885 884 3923 et
898 3893 953 3924 meo
962 3887 1094 3938 parentem
1108 3883 1137 3926 B.
1157 3906 1190 3916 -
1207 3881 1311 3936 Asteropt

332 3950 356 3994 et
374 3945 487 4008 turgeo
502 3941 737 4011 cimutsamoeoque
749 3944 821 3997 Mara
836 3947 861 3994 b.
880 3950 992 4010 interret.
1007 3965 1037 3998 ox
1050 3953 1148 4000 eriere.
1161 3973 1196 3988 -
1205 3947 1253 4000 om.
1262 3951 1311 3996 turo
