2816 4716
313 367 356 430 30
778 451 781 456 Ι

313 513 353 572 ad
370 505 517 593 Ligerim
540 509 626 589 (non
647 507 688 570 ad
708 507 897 580 oscarum„
918 515 953 567 ut
978 502 1106 590 quidam
1127 503 1194 585 ait)
1224 503 1311 570 car·-

315 610 450 675 vinistac
485 609 675 686 intulerunt,
711 607 774 673 sihi
806 605 1007 684 vindicavit;
1044 617 1124 671 mox
1150 607 1235 672 idem
1264 611 1311 670 ad

314 713 441 780 Petarii
469 711 625 776 senatoris
653 732 762 774 manus
789 709 934 785 devenit;
971 708 1167 775 Christinain
1188 709 1310 774 deinde

195 881 199 896 ,
315 820 451 882 Suecam
484 813 643 880 dominam
675 813 801 890 habuit3
845 824 1012 896 postremo
1044 811 1077 876 in
1105 812 1311 877 bibliotheca

220 993 222 998 ¹
313 919 471 984 Vaticana
482 939 553 983 cum
569 917 684 982 ceteris
700 917 844 1002 Reginae
857 915 1023 984 codicibus
1035 915 1227 980 collocatum
1240 927 1310 978 est.

380 1023 521 1103 Quartus
546 1017 689 1085 Phaedri
710 1023 815 1084 codex
836 1018 891 1083 ille
916 1030 964 1084 est
982 1017 1180 1095 Parmensis,
1218 1040 1311 1081 nnnc

314 1123 562 1208 Neapolitanus,
586 1145 651 1210 quo
674 1123 828 1188 Perottus
849 1121 974 1184 fabulas
993 1121 1135 1186 Phaedri
1156 1119 1310 1204 cognitas

316 1227 469 1292 XXXII.
482 1221 679 1312 totidemque
691 1247 792 1289 novas
809 1223 990 1308 descripsit.
1026 1227 1136 1310 Atque
1151 1225 1306 1287 hactenus

316 1328 596 1398 Phaedrianorum
625 1327 914 1406 notitia—codicum
943 1327 1087 1394 edoctis
1109 1327 1307 1407 traditura).

315 1433 434 1516 (Mitzo
443 1431 525 1496 enirn
534 1430 766 1498 Divionensem
780 1434 935 1518 quendam
951 1439 982 1494 et
993 1430 1126 1496 alterum
1138 1427 1310 1494 Weissen-

315 1539 527 1622 hurgensem,
558 1533 709 1622 qnoniam
731 1535 766 1597 hi
787 1556 852 1598 non
875 1535 1075 1611 Phaedrum,
1110 1535 1165 1598 sed
1187 1535 1310 1596 barba-

316 1639 401 1712 ricas
421 1638 602 1702 fabularum
620 1637 688 1702 eius
706 1639 919 1721 paraphrases
930 1659 1008 1720 prae
1020 1660 1053 1700 se
1069 1637 1204 1717 serunt.)
1227 1637 1306 1720 Ego

312 1746 441 1808 demum
462 1739 605 1830 quintum
628 1741 770 1806 Phaedri
796 1740 958 1818 codicem,
994 1739 1309 1806 Vaticanum-Urbi·
1400 1799 1401 1812 ,

316 1859 420 1910 natem
442 1845 585 1922 scilicet,
606 1847 647 1908 ad
666 1843 757 1928 vulgi
780 1843 999 1929 cognitionem
1013 1846 1157 1920 deduco,
1179 1845 1218 1906 de
1238 1864 1307 1928 quo
1400 1843 1401 1874 ²

235 1954 256 1970 ‘'
316 1950 350 2014 in
378 1948 545 2034 superiore
575 1947 698 2013 monito
731 1958 802 2011 ante
832 1946 955 2010 fabulas
983 1968 1085 2012 novas
1107 1949 1206 2010 verba
1226 1945 1305 2010 feci.

318 2054 398 2118 Mea
425 2063 528 2116 tamen
558 2051 658 2116 multo
681 2049 786 2114 maior
808 2049 860 2113 vel
879 2047 998 2114 laetitia
1019 2049 1132 2112 fuisset
1157 2049 1209 2142 vei
1231 2048 1306 2112 seli·

218 2171 221 2180 '
318 2154 416 2242 citas,
452 2153 480 2218 si
508 2174 571 2236 pro
593 2152 764 2217 Perottina
790 2148 948 2235 epitome,
986 2152 1133 2218 codicem
1163 2151 1307 2216 Phaedri

221 2336 228 2340 .
316 2257 445 2342 plenum
466 2254 675 2330 invenissem,
708 2253 829 2342 inquo
853 2255 1306 2320 Perottinaeiahula‘eexta-

316 2371 408 2448 rent:
434 2371 468 2423 ut
491 2361 529 2424 de
551 2358 692 2442 ipsarum
715 2355 898 2423 sinceritate
919 2361 1045 2423 tandem
1068 2343 1255 2444 aliquando,
1279 2357 1306 2421 si

318 2463 391 2528 fieri
412 2474 536 2552 potest,
561 2461 718 2526 certiores
739 2461 970 2548 efficeremurs
989 2465 1078 2549 quod
1096 2473 1131 2526 ut
1153 2461 1234 2525 mihi
1254 2462 1307 2526 vel

318 2566 388 2630 aliis
409 2563 548 2641 accidat,
572 2585 702 2648 sperare
724 2585 789 2630 non
812 2563 924 2628 ausim.

360 2671 455 2734 Nunc
471 2680 573 2735 autem
591 2678 753 2751 superest,
779 2679 814 2729 ut
833 2671 872 2732 de
888 2666 1090 2733 Floriaccnsi
1103 2668 1306 2756 fragmento,

318 2775 407 2860 quod
418 2793 530 2854 reapse
545 2770 629 2836 inter
641 2769 820 2834 Vaticanos
837 2770 1019 2836 Christinae
1039 2774 1160 2836 Snecae
1176 2773 1306 2837 codices

319 2886 545 2964 conservatur,
561 2874 657 2956 paulo
672 2872 852 2938 accuratius
864 2873 984 2951 dicam;
1005 2874 1104 2942 immo
1117 2897 1198 2940 vero
1213 2875 1306 2962 quie-

318 2979 459 3066 quiden
490 2976 689 3054 continetur,
726 2980 815 3062 quod
846 2977 970 3061 oppido
993 2979 1142 3063 pusillum
1175 2991 1236 3056 est,
1272 2979 1306 3042 in

319 3083 386 3148 hoe
417 3101 490 3145 meo
526 3076 613 3143 libro
647 3077 818 3143 collocem.
863 3083 923 3145 Est
953 3081 981 3144 is
1015 3081 1150 3146 miscelli
1181 3083 1306 3169 generis

319 3187 443 3250 codex:
468 3205 539 3248 nam
560 3181 698 3265 primum
720 3182 866 3248 occurrit
880 3183 1038 3249 Guidonis
1061 3186 1180 3248 musica
1194 3187 1304 3252 seculo

318 3288 385 3354 XI.
401 3285 454 3350 vel
468 3287 552 3352 XII.
573 3285 711 3367 scripta3
733 3282 778 3348 ita
793 3297 827 3348 ut
841 3287 906 3350 hoc
917 3287 1081 3369 exemplar
1096 3289 1192 3353 aetati
1205 3288 1305 3372 ipsius

258 3463 262 3482 .
315 3388 462 3456 auctoris
484 3411 603 3472 suppar
619 3387 673 3453 sit.
718 3389 783 3456 Sed
803 3387 883 3452 illud
908 3389 1081 3474 praecipue
1105 3391 1306 3456 animadver-

316 3495 445 3582 tendum
467 3503 530 3570 est,
554 3494 642 3580 qnod
660 3491 733 3558 heic
751 3491 859 3558 Guido
881 3494 966 3558 haud
979 3494 1150 3562 irretimur
1170 3495 1305 3574 dicitur,

317 3600 374 3661 sed
403 3595 572 3680 augensis.
623 3595 678 3662 Sic
700 3594 782 3660 enim
811 3595 844 3660 in
871 3597 975 3680 prima
1007 3597 1145 3685 pagina:
1185 3621 1307 3684 prooe-

317 3703 425 3764 mium
449 3700 609 3780 magistri
639 3699 800 3764 Gnidonis
831 3696 993 3783 Angensis
1026 3721 1129 3784 super
1160 3703 1306 3764 musica.
1398 3731 1399 3780 3

316 3799 442 3866 Deinde
464 3798 497 3862 in
520 3801 628 3862 eadem
649 3799 789 3884 paginas
811 3803 933 3886 incipit
952 3810 1124 3864 tractatus
1145 3799 1307 3865 Guidonis
1398 3839 1399 3860 .

368 3951 394 4010 ¹²)
418 3953 518 4015 Legesis
548 3955 729 4000 dissertationes
753 3953 865 3999 Phaedro
890 3953 1040 4010 praepositas
1061 3929 1093 3998 ¹iu
1121 3953 1160 3998 ΕΙ.
1185 3952 1305 3999 hemaerii

317 4023 442 4070 Parisiaer
459 4019 574 4072 editione.
