2816 4716
331 373 370 437 32

331 513 490 580 contineri
511 513 736 579 affirmarunt.¹
767 514 870 602 Atqui
891 512 988 598 primi
1008 511 1086 578 libri
1102 512 1231 578 fabulae
1249 527 1330 578 sunt

329 619 485 694 xxxl.;
511 617 724 704 fragmentum
750 636 831 684 vero
853 618 951 684 habet
973 618 1193 681 tantummodo
1220 627 1329 693 octo,

329 727 361 784 et
378 719 505 806 quidem
522 741 560 785 ea
580 721 705 787 ratione
730 707 765 784 in
783 719 977 786 membranis
998 719 1154 803 scriptas,
1181 727 1217 781 ut
1238 717 1330 781 nihil

327 823 403 886 iude
425 821 569 886 subtrahi
588 846 725 910 unquam
747 823 903 906 potuerit.
948 825 978 888 E
998 821 1105 906 prima
1127 821 1209 886 enim
1228 831 1330 884 recta

329 923 448 1010 pagina
469 936 501 990 et
523 947 616 989 versa
637 925 718 989 nibil
741 929 866 990 demere
884 925 982 990 licet:
1019 924 1187 990 transitum
1212 935 1328 987 autem

331 1050 350 1091 a
371 1030 508 1092 secunda
541 1031 581 1090 ad
606 1027 733 1092 tertiam
760 1029 911 1114 paginam
937 1027 1035 1093 nectit
1058 1027 1168 1092 fabula·
1188 1025 1326 1114 quinta,

331 1151 414 1216 quae
430 1129 595 1216 utriusque
616 1129 690 1196 folii
710 1137 832 1214 partem
856 1141 1007 1214 occupat.
1051 1129 1199 1216 Denique
1220 1152 1327 1215 quar·

330 1243 395 1296 tam
415 1233 564 1319 paginam
586 1234 715 1299 diverso
742 1243 930 1320 argumento
955 1233 1139 1318 impeditam
1167 1231 1326 1295 diximus.

330 1337 560 1420 Fragmentum
575 1335 678 1424 igitur
691 1336 899 1402 Floriacense
913 1336 985 1420 plus
1006 1347 1083 1401 octo
1098 1334 1214 1399 sabulis
1228 1335 1325 1400 nullo

331 1450 477 1522 tempore
495 1439 627 1504 babuit:
653 1461 755 1524 neque
766 1461 879 1523 reapse
894 1437 927 1502 iu
943 1425 1013 1502 aliis
1026 1438 1144 1503 fabulis
1161 1438 1325 1502 lectiones

332 1525 441 1605 vaiiae
463 1563 481 1604 a
500 1540 622 1606 criticis
644 1563 686 1606 ex
705 1543 771 1607 hoo
793 1543 976 1627 fragmento
998 1553 1175 1625 ponuntur.
1220 1541 1327 1621 Quod

333 1644 361 1708 si
383 1644 554 1730 aliquando
576 1645 629 1721 fit,
653 1667 767 1710 errore
787 1645 975 1712 criticorum
993 1644 1128 1722 accidit,
1151 1643 1208 1730 qui
1223 1643 1325 1706 alium

332 1769 397 1830 pro
420 1746 484 1812 alio
509 1747 671 1830 appellant
691 1747 850 1812 codicem.

397 1853 461 1914 Sed
490 1871 551 1934 age
581 1867 699 1932 operae
728 1848 866 1932 pretium
893 1861 941 1914 est
969 1849 1182 1937 fragmentum
1218 1847 1326 1932 ipsum
1399 1877 1400 1884 ¹

333 1951 642 2038 quantulumcunque
665 1963 729 2030 est,
759 1964 861 2017 totum
880 1951 1057 2019 lectoribus
1082 1947 1256 2028 cx'hibere3
1278 1952 1326 2016 ita
1399 1947 1400 1952 ’

333 2066 369 2117 ut
390 2077 460 2118 mea
479 2053 577 2120 editio
599 2054 699 2121 instar
722 2053 844 2119 codicis
866 2055 926 2121 sit:
962 2061 1051 2143 quod
1072 2079 1137 2122 nou
1159 2055 1325 2140 ingratum

333 2155 515 2240 philologis
536 2157 610 2220 fore
632 2167 728 2238 puto,
751 2167 817 2220 tum
839 2157 1001 2243 quianon
1023 2159 1128 2224 omnis
1148 2157 1326 2223 lectionum

334 2257 404 2322 eius
424 2257 561 2322 varietas
583 2260 622 2321 ab
644 2255 783 2352 antiquis
808 2255 930 2322 criticis
948 2260 1108 2343 patefacta
1122 2258 1201 2335 fuit;
1224 2258 1325 2324 immo

334 2359 495 2424 interdum
516 2359 625 2444 potius
645 2381 815 2444 perversa:
839 2372 905 2425 tum
924 2359 999 2447 quia
1015 2385 1125 2446 parem
1139 2361 1323 2426 Pithoeano

335 2463 445 2528 codici
467 2463 615 2528 laciniam
635 2485 834 2550 cognoscere
862 2463 1033 2528 iucundum
1056 2476 1120 2540 est3
1157 2475 1224 2528 tum
1246 2463 1324 2549 quia

336 2565 471 2653 denique
495 2569 638 2631 chartam
660 2567 784 2650 oppido
811 2569 944 2635 brevem
964 2565 998 2630 in
1017 2567 1105 2632 libro
1128 2589 1198 2632 mco
1223 2588 1323 2632 occu·
1398 2587 1399 2626 2

332 2668 440 2752 pabit.
485 2669 541 2734 Sic
560 2691 663 2753 nuper
682 2669 716 2732 in
737 2669 844 2753 primo
863 2668 1071 2735 classicorum
1087 2669 1322 2735 Vaticauorum
1398 2651 1399 2728 l

336 2770 717 2838 volumineSalustianum
732 2775 770 2836 de
786 2771 899 2836 codice
913 2771 989 2836 item
1004 2771 1187 2837 Christinae
1200 2775 1321 2836 Suecae

335 2875 549 2959 fragmentum
582 2873 746 2958 prompsi,
763 2879 764 2886 ’
780 2877 869 2960 quod
896 2895 995 2960 aeque
1024 2874 1058 2937 iu
1094 2873 1200 2940 Gallia
1234 2877 1320 2958 apud

337 2979 470 3042 Petrum
487 2975 653 3043 Danielem
670 2975 747 3042 olim
761 2977 882 3054 fuerat3
906 2977 1019 3046 deinde
1033 2976 1100 3041 eius
1120 2979 1321 3042 membranae

336 3101 386 3150 ex*
411 3077 514 3144 oculis
544 3077 707 3146 homiuum
739 3091 951 3144 evanuerant:
993 3102 1153 3166 quumque
1185 3079 1319 3164 pessime
1397 3155 1398 3158 Ἴ

336 3183 488 3245 hactenus
505 3177 622 3248 fuisset
635 3181 768 3259 editum,
802 3202 890 3247 ame
912 3186 1036 3247 demum
1053 3181 1087 3246 iu
1108 3183 1247 3247 nativam
1269 3205 1321 3247 sa·
1397 3175 1398 3212 l

337 3283 466 3348 nitatem
486 3296 673 3352 revocatum
695 3295 755 3350 est.
799 3283 863 3350 Sed
883 3288 924 3351 ad
945 3285 1089 3353 Phaedri
1105 3287 1321 3374 fragmentum

336 3407 515 3455 renramusa
