2752 4718
54 488 147 571 Quid
167 485 376 571 profecisset,
401 507 495 570 qturm
518 507 645 550 crearer
666 485 856 554 masculas?

54 591 254 656 Beneficium
273 611 423 675 magnum
445 609 520 652 sane
542 589 636 652 uatali
658 591 762 666 dedit,
830 665 832 670 ,

55 697 107 760 Ut
129 705 345 776 exspectarem
368 694 482 755 lanium
504 691 535 754 in
557 691 653 756 horas
676 693 832 778 singulas!

56 797 161 863 Cuius
183 808 325 879 potestas
346 797 429 859 nulla
450 797 483 862 in
510 795 669 882 gignendo
691 796 768 871 tuit,
1016 794 1055 858 15
1085 795 1089 804 ’

58 901 131 966 Cor
154 903 213 962 hac
235 899 275 962 sit
296 900 429 981 potios,
454 899 538 978 qttae'
556 899 685 978 iacentis
708 897 845 962 miserita
868 909 914 960 est

61 987 263 1086 Dulcemque
285 1015 397 1085 sponte
419 1015 558 1086 praestat
572 1000 848 1066 benevolentiam?
936 995 941 1007 ’

59 1105 155 1170 Facit
174 1115 322 1188 parentes
344 1104 490 1184 bonitas,
514 1127 579 1170 uon
602 1106 780 1172 necessitas.
857 1163 858 1170 ,

102 1209 164 1271 His
187 1210 402 1274 demonstrare
424 1209 528 1273 voluit
549 1219 662 1273 annetor
684 1209 828 1292 versibus

61 1311 228 1378 Obsistere
250 1309 393 1375 homines
415 1311 556 1396 legibus,
581 1311 698 1376 meritis
721 1310 803 1395 capi.

457 1531 554 1592 [aas.
577 1531 663 1592 xvc]

314 1669 490 1737 cicant
515 1635 804 1776 aasuocuum
888 1713 891 1722 .

102 1809 301 1884 Humanitati
323 1811 376 1896 qui
398 1831 432 1875 se
454 1831 517 1876 non
540 1813 778 1887 accommodat,
815 1857 816 1862 η
891 1797 892 1804 ¹

64 1915 256 1999 Plerumque
278 1934 397 1996 poenas
421 1914 544 1996 oppetit
565 1914 748 1998 superbiae.

104 2017 222 2082 Cicada
245 2019 393 2080 acerbum
415 2029 550 2080 noctuae
571 2015 748 2082 convicium

66 2121 232 2196 Faciebat,
257 2111 370 2184 solitae
392 2119 508 2182 victum
531 2119 562 2182 iu
585 2120 723 2188 tenebris
746 2140 919 2204 quises-ere,

65 2221 223 2307 'Cavoque
244 2243 334 2286 ramo
358 2243 472 2304 capere
494 2243 636 2307 somnum
658 2223 807 2286 interdiu.
1040 2221 1058 2283 5

64 2326 194 2410 Rogata
217 2336 340 2400 estfut
362 2336 495 2388 taceret.
539 2325 647 2388 Multo
675 2326 804 2388 ualidius
973 2311 986 2324 k

66 2427 213 2492 Clamare
235 2422 394 2510 occoepit.
439 2429 564 2492 Rursus
586 2425 710 2490 admota
732 2450 830 2510 prece

65 2531 213 2594 Accensa
233 2529 333 2614 magis
356 2541 416 2592 est.
460 2531 587 2593 Noctua
609 2541 643 2593 ut
664 2530 744 2596 vidit
765 2530 825 2594 sibi
906 2559 908 2571 =

64 2633 193 2696 Nullum
214 2653 284 2696 esse
306 2631 456 2696 auxilium
479 2643 511 2696 et
532 2635 630 2700 verba
652 2625 810 2698 contemni
830 2653 906 2709 sua,

66 2833 147 2878 subest
166 2845 254 2890 emor,
280 2847 327 2890 pro
343 2835 469 2880 Pithosani
489 2829 600 2894 fecisset
617 2835 683 2890 peius
703 2836 773 2880 etiam
796 2833 880 2880 babet:
900 2831 1060 2894 -sus'sset5
1092 2839 1097 2846 '

66 2907 190 2961 utromque
206 2917 265 2949 seso
287 2915 358 2950 sensa
373 2910 447 2954 caret.
482 2905 610 2969 llberravit
629 2906 682 2948 scil.
703 2903 816 2949 librarius
833 2905 968 2966 archetypi,
1000 2907 1060 2952 unde

65 2973 182 3018 linxerunt
208 2973 240 3020 P.-
265 2977 289 3018 et
314 2975 361 3030 lb,
380 2989 394 3018 a
412 2987 451 3020 se.
480 2973 534 3035 Age
554 2987 633 3033 porro
655 2975 684 3018 ad
707 2975 762 3029 syll.
777 2987 827 3033 pro
845 2977 965 3033 sequentis
983 2989 1060 3030 vers„

65 3043 142 3086 medis
160 3044 282 3089 omittens.
330 3045 422 3089 Vulnus
439 3045 508 3089 tacite
529 3044 654 3090 occultavit
671 3040 801 3100 Pithoeus,
822 3047 885 3090 coni.
904 3045 1059 3091 rescribens:

65 3111 119 3173 Age
134 3123 212 3172 porro
235 3113 340 3168 scisset,
359 3125 434 3174 paam
451 3127 554 3158 creares·
577 3115 724 3176 mascalas:
746 3116 794 3170 its,
825 3119 850 3159 ut
872 3129 910 3160 vr.
930 3129 1003 3174 qaum
1022 3129 1059 3160 cr.

65 3195 144 3231 masc.
161 3185 190 3228 ad
208 3195 277 3242 seqq.
291 3184 463 3242 traherentur-3
482 3185 505 3228 in
525 3195 571 3242 qno
593 3185 674 3240 plures
690 3183 803 3230 Editores
824 3186 911 3231 metito
924 3187 1060 3230 haeserunt.

65 3253 116 3297 lloc
133 3257 212 3311 temen
238 3265 263 3297 r.
283 3253 375 3298 scisset
392 3259 511 3312 tamquam
529 3255 646 3310 scriptura
668 3253 728 3298 cat.
748 3257 854 3311 ipsorum
879 3255 954 3300 adhuc
976 3269 1061 3310 propa-

65 3322 208 3380 gatumest.
244 3319 302 3382 (13)
322 3333 354 3366 =
374 3335 573 3387 sanemaguam
593 3323 623 3368 N.
667 3320 756 3384 (tuit.)
774 3321 865 3385 natali]
887 3324 918 3368 N.
939 3339 962 3380 p.
983 3327 1009 3370 S.
1030 3327 1063 3358 -'
1109 3331 1112 3334 “

65 3393 149 3436 natale
177 3393 208 3438 P.
238 3383 269 3437 li.
306 3389 363 3448 (14)
390 3391 575 3451 exspectarem]
605 3391 635 3438 Ν.
664 3405 688 3448 p.
721 3395 746 3438 S.
773 3419 806 3428 -
823 3399 963 3452 spectarem
981 3395 1011 3438 Ρ.
1031 3393 1061 3438 ll.

66 3457 169 3517 (15)·-
185 3453 327 3524 'gyguemlo
345 3463 375 3506 P.
420 3459 482 3524 (16)
500 3483 534 3496 ·-
551 3463 655 3506 miserta
675 3461 705 3507 Ν.
748 3461 802 3518 (ll)
823 3473 854 3506 =
875 3463 1063 3508 benivolentiam

65 3530 94 3576 P.
117 3531 148 3575 lt.
161 3529 191 3580 tt.
214 3545 238 3587 p.
289 3526 345 3590 (tt)
371 3541 410 3578 eo
435 3538 565 3590 parentem
591 3531 623 3577 N.
672 3531 810 3590 (1111)-
828 3533 946 3578 nativitas
964 3534 1060 3578 Romul.

65 3598 125 3658 (20)
143 3597 253 3662 legibus]
272 3613 296 3656 p.
316 3601 342 3644 S.
362 3624 395 3635 —
412 3601 523 3662 legimus
541 3603 571 3646 P.
592 3603 636 3656 (De
654 3603 683 3646 R.
702 3603 761 3646 baud
784 3603 896 3658 constat.)
1058 3593 1064 3602 ⁸

116 3671 174 3716 nis.
194 3672 265 3716 xvi.
314 3671 365 3726 N.,
394 3665 435 3732 (ut
460 3673 511 3716 iere
537 3665 608 3726 solet)
637 3671 672 3716 sic
703 3673 857 3727 interpolavit
884 3671 1059 3728 prouentum:

64 3738 121 3786 Non
139 3753 193 3786 esse
211 3746 297 3798 sponte
322 3741 401 3785 alicui
408 3736 558 3802 sariendam
576 3742 698 3786 iniuriam
704 3755 715 3796 ,·
734 3755 792 3786 nam
810 3744 853 3803 qut
869 3733 1019 3786 bamasiitati
1035 3753 1063 3784 ss

64 3823 115 3854 uon
134 3810 301 3856 cccosnmodat
318 3811 391 3866 (nont
420 3809 632 3866 accommodant),
648 3811 794 3872 pleramque
806 3825 903 3871 poenas
921 3809 964 3856 dat
981 3809 1062 3868 (nont

65 3879 138 3930 daut)
154 3880 297 3940 superbiae.
315 3889 322 3902 '¹
343 3877 381 3936 (3)
400 3903 433 3914 ·-
456 3881 588 3926 consitium
608 3879 639 3926 N.
677 3878 715 3939 (i)
734 3903 767 3918 ¹-
784 3880 881 3942 Agebat
899 3881 928 3926 N.
965 3877 1004 3938 (l)
1022 3891 1063 3922 oc-¹

65 3947 157 4010 coepit]
180 3949 212 3996 N.
254 3949 370 4006 (Verbum
388 3952 479 3996 medias
502 3951 572 3995 aetati
592 3965 664 4006 paene
685 3953 791 4010 ignotam
816 3948 1064 4005 et'saepissime'ob·

66 4021 190 4072 literatum
208 4021 375 4078 interpolatori
398 4021 470 4074 tribui
506 4021 566 4070 baut
595 4017 695 4078 potest.)
727 4041 761 4057 -
791 4021 870 4079 coepit
893 4019 923 4079 P.
942 4019 972 4066 tt.
992 4033 1016 4076 p.
1036 4019 1062 4064 S.
